2934 4975
271 340 335 404 604
713 336 814 392 Pauli
839 338 955 393 Orosii

278 509 444 574 necessitas
466 511 514 574 est
536 509 685 574 iniuriam
708 510 916 585 manifestare,
939 529 1033 593 quam
1056 529 1166 594 passus
1180 529 1260 577 eum.
1285 513 1400 578 cunctis

277 615 383 694 pateat
405 612 459 695 qui
480 611 631 677 fecerunt.
654 613 712 677 Dei
735 613 818 678 enim
841 617 872 677 et
888 614 1036 680 uoluntas
1059 619 1091 679 et
1113 613 1266 682 ordinatio
1288 620 1344 697 est,
1368 621 1413 696 ut¹

276 715 407 797 malum,
430 716 512 798 quod
527 735 582 798 per
597 715 783 797 patientiam
799 715 1002 794 tolerabatur,
1025 720 1197 784 necessarie
1212 718 1399 802 proderetur,

192 853 215 892 e.
230 822 308 885 secet
329 837 384 902 per
413 820 643 884 contentionem
673 818 788 883 furoris
818 837 923 884 eorum
954 819 1032 902 ipsis
1062 820 1188 904 dignam
1218 819 1401 889 merce¹dem

276 942 370 1006 quam
391 924 529 1005 oportuit
550 921 661 987 erroris
682 921 732 986 sui
754 921 978 1003 recipientibus
1001 925 1180 989 nouaclum
1200 927 1401 1008 pessimorum
1423 950 1434 986 s

276 1029 433 1092 denotatio
466 1026 554 1091 lieret
587 1026 769 1108 dogmatum
802 1027 857 1091 sed
895 1027 1156 1109 corripiendarum
1195 1029 1401 1095 manifestatio

248 1137 485 1212 dpersonamm.
522 1133 627 1211 patres
649 1128 734 1193 enim
757 1133 789 1194 et
810 1131 864 1212 qui
893 1131 957 1196 iam
985 1132 1170 1213 quieuemnt
1196 1133 1350 1217 martyres
1373 1135 1401 1198 et

276 1233 475 1312 confessores,
499 1232 679 1316 Cyprianus,
703 1233 844 1298 Hilarius
867 1239 897 1298 et
914 1234 1106 1312 Ambrosius,
1130 1237 1162 1300 et
1180 1235 1293 1318 quibus
1308 1237 1401 1300 etiam

275 1355 359 1402 nunc
392 1355 572 1419 permanere
606 1336 706 1401 adhuc
729 1337 762 1402 in
785 1355 876 1402 carne
909 1339 1112 1403 necessarium
1145 1342 1208 1422 est,
1243 1339 1297 1422 qui
1331 1343 1400 1403 sunt

274 1440 436 1506 columnae
458 1442 490 1505 et
511 1439 709 1505 firmamenta
730 1440 885 1506 Ecclesiae
914 1441 1100 1522 catholicae,
1129 1443 1274 1508 Aurelius
1298 1443 1435 1524 Augu-rc

274 1545 374 1608 stiuus
412 1546 445 1608 et
471 1543 695 1627 Hieronymus,
729 1543 830 1608 multa
865 1544 929 1610 iam
961 1545 1108 1610 aduersus
1137 1545 1219 1610 banc
1247 1544 1400 1609 nefariam

274 1647 427 1712 haeresim
457 1647 573 1729 absque
603 1646 819 1731 designatione
846 1650 1008 1713 nominum
1030 1649 1254 1715 haereticorum
1277 1648 1399 1730 scriptis
1452 1674 1454 1680 ·

245 1752 499 1834 eprehensimis
521 1751 696 1816 ediderunt.
726 1767 916 1834 quamquam
939 1757 970 1816 et
992 1752 1070 1817 haee
1091 1753 1400 1817 uenenatissimorum

273 1855 457 1940 dogmatum
488 1855 680 1921 abominatio
709 1855 805 1920 habet
835 1857 929 1922 etiam
965 1873 1049 1920 nuuc
1085 1857 1227 1920 uiuentes
1263 1857 1400 1920 mortuos

272 1963 472 2042 mortuosque
493 1960 644 2024 uiuentes.
682 1976 754 2024 nam
774 1956 924 2042 Origenes
947 1963 979 2023 et
994 1958 1212 2024 Priscillianus
1233 1960 1268 2022 et
1281 1957 1432 2025 Iouini-n

273 2080 359 2136 anus,
384 2063 459 2127 olim
480 2063 562 2143 apud
584 2080 617 2125 se
640 2062 766 2139 mortui,
790 2061 823 2126 in
839 2061 888 2126 bis
903 2062 1027 2138 uiuunt,
1043 2067 1075 2126 et
1091 2079 1153 2127 non
1167 2061 1271 2127 solum
1287 2060 1400 2126 uiuunt

244 2174 381 2232 onerum
405 2165 502 2230 etiam
523 2166 711 2246 loquuntur3
734 2183 818 2230 nunc
841 2183 913 2230 uero
934 2163 1083 2248 Pelagine
1105 2167 1137 2229 et
1159 2163 1348 2242 Caelestius,
1372 2162 1399 2226 si

270 2269 303 2335 in
319 2271 367 2334 his
382 2269 649 2350 perseuerauerint
663 2268 808 2332 uiuentes
823 2268 949 2346 mortui,
966 2287 1035 2334 ecoe
1051 2269 1200 2335 aduersus
1215 2267 1399 2343 Fcelesiam,

270 2373 351 2456 quod
374 2373 523 2436 miserum
544 2377 606 2448 est,
630 2373 676 2454 et,
708 2373 790 2454 quod
812 2373 914 2436 multo
937 2373 1082 2438 miserius
1105 2373 1171 2449 est,
1204 2371 1239 2437 in
1268 2370 1400 2437 eeclesia

269 2475 373 2558 palam
405 2474 535 2541 sibilant
563 2475 713 2557 impiique
734 2475 894 2557 serpentes
919 2475 1117 2541 uibrantibus
1142 2475 1259 2542 inlecta
1282 2472 1432 2559 lingniaco

269 2597 324 2645 ora
345 2578 522 2645 lambentes
542 2582 618 2644 dum
640 2583 782 2644 sanctam
804 2582 836 2643 et
858 2579 1102 2645 munitissimam
1124 2579 1229 2644 sedam
1250 2578 1303 2643 cui
1324 2576 1397 2642 sub·

269 2682 369 2748 tiliter
391 2682 548 2766 inrepsere
570 2683 723 2759 obsident,
748 2684 876 2748 cunctos
897 2680 1012 2763 fideles,
1037 2702 1075 2747 ne
1097 2684 1136 2748 ad
1152 2681 1232 2747 illud
1254 2680 1397 2748 firmissi-

268 2804 356 2851 mum
378 2787 535 2869 quondam
557 2786 591 2850 in
605 2786 680 2851 Sion
702 2786 861 2870 refugium
885 2786 1094 2863 conuolemus,
1118 2786 1282 2851 exterrent.
1316 2785 1398 2848 fetor

267 2890 424 2974 siquidem
453 2891 513 2956 eris
543 2908 650 2955 eorum
679 2889 771 2973 longe
802 2891 925 2972 lateque
949 2889 1082 2954 diffusus
1104 2887 1259 2967 omnium,
1283 2888 1396 2970 quihus

268 2994 342 3059 odor
364 2994 449 3059 uitae
470 2995 504 3059 in
525 2996 625 3057 uitam
648 2996 724 3070 erat,
749 2992 875 3057 odorem
898 2993 994 3057 uertit
1016 2993 1049 3055 in
1071 2993 1215 3057 mortem.
1407 3029 1430 3067 es

239 3114 257 3175 2
311 3111 425 3178 Contra
446 3115 528 3179 huuc
551 3119 726 3197 serpentem
743 3112 1006 3194 suffocantemque
1023 3110 1158 3177 halitum
1171 3111 1274 3177 multa
1288 3110 1397 3193 utique

319 3440 333 3490 1
357 3440 388 3490 ut
406 3437 508 3491 cuncta
527 3440 554 3489 Σ
654 3438 672 3489 3
694 3435 864 3491 Necessariae
883 3440 926 3491 Σ·
1028 3439 1046 3492 4
1070 3437 1162 3507 lurore
1181 3438 1231 3505 (eie
1248 3453 1282 3491 ua.
1303 3440 1318 3490 1
1336 3436 1355 3491 i.
1374 3450 1396 3487 e.

264 3540 362 3594 furoris
380 3545 407 3593 et
422 3540 456 3593 ἐπ
471 3555 556 3609 mary.
574 3539 612 3595 aa
623 3539 696 3594 lusae
707 3557 734 3595 ac
748 3541 765 3593 3
777 3541 937 3595 necess-4
948 3555 1039 3595 aerum
1056 3546 1123 3595 uota
1139 3538 1227 3595 coeca
1246 3524 1260 3593 r
1277 3540 1295 3594 i.
1316 3556 1338 3593 c.
1357 3554 1396 3591 re·

264 3634 350 3702 quire)
369 3636 396 3685 Χ
480 3634 496 3687 l
514 3633 640 3687 martires
660 3635 688 3686 Ψ
775 3634 792 3687 8
810 3632 982 3704 consenseras]
1001 3637 1028 3687 Σ
1043 3640 1069 3689 et
1086 3637 1117 3688 ia
1133 3648 1184 3703 erp
1201 3634 1218 3687 b
1253 3632 1396 3690 concordes

267 3728 397 3781 ΤΦΧΨυ
425 3727 438 3797 ΙΙ
465 3728 584 3796 hylarius
604 3728 635 3778 Ψ
660 3728 673 3797 ΙΙ
700 3727 875 3783 ambrosiana
894 3732 939 3795 (au
958 3744 1028 3783 crue
1047 3744 1081 3782 m.
1099 3729 1131 3794 2)
1152 3730 1181 3780 X
1283 3728 1314 3781 11
1339 3726 1396 3781 hie·

265 3812 401 3881 ronymns]
422 3814 448 3864 ‘l‘
479 3812 642 3866 hieronimus
661 3814 740 3866 ΣΦΧ
775 3814 920 3868 ieronimus
941 3814 972 3865 Ψ
1068 3814 1101 3867 12
1117 3812 1231 3867 heresim
1248 3812 1353 3867 codices
1373 3812 1386 3881 ll

264 3898 442 3953 hereticorum
464 3896 567 3953 codices
672 3899 704 3952 14
726 3898 906 3954 abominatio
928 3902 1010 3968 (xes.
1027 3899 1055 3967 h)
1079 3902 1107 3953 Σ
1207 3898 1240 3953 16
1264 3913 1318 3953 nen
1335 3896 1396 3951 sold

263 3984 344 4038 uiant
356 3984 383 4036 Σ
473 3983 505 4037 17
518 3984 643 4039 locuntur
656 3986 734 4038 ‘1‘le
754 3986 766 4055 ll
786 3984 910 4039 celestius
922 3986 1034 4041 ΣῪΦΨ
1122 3984 1157 4039 20
1167 3984 1288 4054 inpiique
1303 3985 1329 4036 Τ

262 4072 296 4125 21
315 4068 455 4139 suptiliter
476 4070 503 4121 Ψ
596 4068 632 4122 22
648 4069 776 4138 irrepsere
796 4072 896 4124 ΣΡΨ
918 4070 934 4141 ll
953 4086 999 4125 ne·
1015 4072 1094 4139 (crus
1113 4074 1138 4139 c)
1157 4072 1181 4124 Φ
1276 4070 1310 4123 23
1328 4084 1394 4138 syon

266 4156 296 4206 Ψ
321 4156 334 4225 ΙΙ
361 4156 427 4209 boec
444 4155 595 4209 letor-25
613 4156 641 4207 iu
659 4157 773 4209 mortem
793 4170 844 4212 om,
862 4172 879 4209 e
897 4163 964 4221 (cen
983 4157 1010 4225 b)
1046 4158 1059 4227 ΙΙ
1096 4158 1181 4211 fateor
1200 4157 1328 4210 domur

262 4242 297 4295 24
315 4240 440 4307 diffusus]
459 4240 585 4294 diffusum
604 4240 678 4293 uirus
699 4242 748 4294 Ψό
852 4242 886 4295 26
903 4242 1000 4296 alitum
1021 4245 1049 4295 Ψ
