2934 4975
248 305 309 371 120
564 302 662 357 Pauli
680 304 795 361 Orosii
814 305 1053 359 Historiarum

254 493 379 541 monem
401 476 499 556 iubet,
523 494 562 539 ne
584 476 635 541 uel
657 476 849 540 abundantes
871 475 1028 559 suffragiis
1049 475 1149 541 abeno
1164 477 1227 541 tuti
1240 476 1386 557 periculo

254 578 438 644 dimicarent
466 579 518 643 uel
540 578 573 643 in
595 582 698 644 totum
726 581 872 645 destituti
898 583 1077 662 susceptum
1104 582 1264 644 certamen
1285 579 1387 644 omit

253 684 364 746 terent.

168 770 192 811 m
206 758 245 876 ἰδοῦ
299 800 403 885 ¹Apud
426 802 631 869 Athenienses
659 822 732 869 uero
762 822 833 868 cum
861 803 915 868 diu
944 804 1114 868 domestica
1136 802 1293 869 discordia
1314 805 1386 887 agi-

253 908 383 983 taretur,
407 907 591 973 imminente
608 906 748 988 periculo
763 924 888 971 summa
908 907 1032 989 imperii
1054 907 1093 971 ad
1116 909 1260 972 senatum
1274 906 1387 990 populi
1414 926 1432 963 ⁵

253 1009 418 1074 uoluntate
451 1008 654 1075 transfertur:
688 1011 801 1093 quippe
829 1010 892 1075 otio
920 1011 1094 1076 discordiae
1117 1012 1313 1088 nutriuntur,
1349 1014 1387 1073 at

253 1114 308 1178 ubi
330 1115 501 1178 necessitas
524 1112 679 1191 incubuit,
702 1112 884 1195 postpositis
906 1113 1039 1195 priuatis
1062 1116 1163 1178 musis
1187 1116 1280 1195 atque
1303 1113 1386 1179 odiis

225 1215 287 1285 ain
309 1234 473 1282 commune
495 1216 675 1282 consulitur.
710 1218 764 1281 sed
792 1216 851 1281 boc
878 1216 984 1301 ipsum
1011 1234 1083 1281 cum
1105 1218 1230 1299 propter
1252 1216 1386 1281 insitam

253 1320 342 1403 genti
364 1319 547 1402 superbiam
569 1324 600 1383 et
616 1321 794 1404 tyrannicas
811 1320 955 1385 libidines
970 1319 1179 1404 perniciosum
1202 1320 1290 1399 foret,
1313 1322 1387 1383 tan-

255 1424 325 1487 dem
347 1422 525 1489 Alcibiades
548 1423 619 1487 exul
642 1424 681 1489 ab
704 1424 838 1488 exercitu
860 1426 1023 1488 reuocetur
1046 1424 1079 1487 et
1094 1423 1156 1487 dux
1178 1423 1286 1489 classis
1309 1441 1387 1488 con·
1400 1448 1433 1485 ro

226 1525 410 1598 estituitur.
446 1544 506 1609 qno
529 1530 674 1610 conperto
695 1527 852 1611 principes
875 1526 975 1610 primo
991 1526 1155 1608 Spartanis
1178 1525 1288 1593 urbem
1310 1545 1386 1610 pro-

256 1627 328 1693 dere
350 1628 454 1694 moliti
476 1630 564 1707 sunt;
595 1628 720 1710 deinde,
745 1647 817 1696 curn
840 1629 872 1696 id
896 1629 1013 1695 nestra
1035 1620 1242 1712 cogitassent,
1266 1635 1297 1696 in
1320 1631 1388 1694 exi-

255 1730 334 1795 lium
376 1734 484 1814 sponte
527 1737 694 1798 cesserunt.
747 1732 845 1815 igitur
886 1732 1066 1798 Alcibiades
1107 1733 1211 1819 patria
1249 1732 1389 1798 liberata

155 1817 161 1835 ¹
226 1834 386 1905 dolassem
409 1836 442 1900 in
463 1836 567 1900 hostes
590 1835 707 1921 dirigit.
743 1836 906 1901 commisso
928 1835 1044 1919 proelio
1067 1837 1230 1902 uictoriam
1252 1838 1388 1903 Atheni·

255 1955 342 2005 enses
371 1941 544 2021 capessunt.
578 1958 669 2024 porro
698 1943 804 2006 eutem
834 1941 932 2005 maior
962 1958 1033 2023 pars
1056 1937 1203 2022 Spartani
1232 1942 1430 2009 exercitusrs

255 2059 351 2125 caesa,
375 2042 471 2107 duces
493 2059 611 2125 quoque
633 2062 729 2125 paene
752 2061 858 2109 omues
880 2042 1039 2107 interfecti
1062 2045 1094 2106 et
1109 2042 1269 2127 octoginta
1290 2061 1388 2108 naues

255 2146 364 2228 captae
403 2147 519 2228 absque
547 2145 612 2223 his,
647 2164 725 2228 quas
754 2146 788 2211 in
816 2144 962 2211 condictu
990 2147 1136 2210 incensae
1164 2145 1386 2227 demersaeque

226 2248 423 2329 operierunt.
459 2266 565 2314 rursus
589 2248 708 2313 bellum
724 2250 756 2314 in
772 2253 890 2315 terrum
909 2249 1098 2313 translatum
1113 2248 1273 2331 Spartanis
1288 2268 1388 2332 aeque

355 2551 495 2592 armans
530 2539 546 2608 5
565 2540 580 2591 1
599 2539 877 2609 Apud-transfertur
894 2539 999 2594 iustior.
1014 2542 1072 2606 5,3
1087 2543 1184 2604 §1-5
1212 2541 1225 2609 ΙΙ
1253 2540 1387 2611 quippe—

254 2621 404 2678 consulitur
414 2623 502 2694 ι’φιοιί
512 2625 634 2680 amoris
644 2627 785 2681 sententio
881 2624 964 2695 §iet
975 2625 991 2694 9
1004 2625 1021 2678 8
1035 2624 1139 2683 sortia.
1151 2629 1176 2690 5,
1189 2628 1335 2690 356.8.9

254 2709 388 2780 94-91
408 2710 509 2765 Iastia.
529 2715 553 2776 ὅ,
572 2714 590 2766 4
607 2716 718 2776 §1-7,·
744 2711 795 2767 ella
812 2712 857 2780 §4
875 2711 1156 2781 absque-perierunt
1170 2711 1306 2766 uidentur
1323 2729 1387 2767 con-

253 2793 319 2861 ficta
342 2795 540 2853 mendicet.
559 2800 584 2863 5,
603 2800 705 2864 458,-
731 2797 781 2852 sliu
798 2798 849 2866 ἐῢ
872 2797 1137 2852 incendiis—omnis
1159 2803 1226 2852 suot
1248 2797 1387 2853 &uriom

307 3070 390 3123 1ue»
405 3069 434 3125 R
460 3072 474 3142 11
502 3070 626 3140 astutissll
644 3071 672 3125 P
698 3071 711 3142 ΙΙ
739 3071 826 3126 uerbo
849 3071 964 3141 pericolo
987 3070 1155 3140 demigareut
1179 3071 1221 3126 uel
1246 3071 1275 3126 in
1298 3075 1387 3126 totum

255 3163 377 3218 distiiuti
394 3164 425 3218 in
442 3180 492 3234 mp.
505 3165 560 3230 inf.
574 3163 638 3220 add.
650 3181 685 3218 m.
699 3170 731 3228 1,·
748 3182 808 3220 eam
825 3165 954 3221 laeenam
966 3166 1051 3234 psius
1067 3166 1099 3219 ia
1116 3182 1168 3237 sup.
1187 3165 1260 3220 dect.
1277 3166 1388 3235 capim

254 3264 389 3328 coeperat,
406 3259 454 3312 obi
470 3257 567 3314 torrem
585 3259 641 3314 duo
655 3261 751 3329 prima
768 3261 854 3316 cerba
871 3260 930 3316 aid.
949 3275 1030 3334 naso
1046 3276 1103 3316 esso
1119 3261 1150 3315 D
1251 3261 1387 3316 tourtam

255 3361 284 3416 P
379 3361 604 3448 AepudapudP
704 3364 900 3433 bimmiuente]
913 3365 940 3418 L
974 3364 1039 3418 ium.
1053 3364 1109 3420 PR
1143 3363 1320 3418 eminentoD

254 3480 272 3534 6
298 3480 333 3536 ad
356 3481 394 3536 P¹
507 3483 523 3534 7
546 3482 706 3552 postpositis
723 3483 819 3552 (prior
835 3499 870 3552 po
887 3483 920 3537 io
935 3499 990 3538 rue.
1009 3483 1046 3539 ot.
1063 3485 1110 3550 m.)
1129 3483 1158 3538 R
1199 3484 1296 3552 positis
1314 3483 1346 3537 D
1365 3484 1377 3552 ΙΙ

255 3600 341 3672 adque
357 3605 428 3670 (ein
439 3617 493 3657 rae.
507 3601 544 3670 P)
564 3603 620 3657 ΡΙ)
710 3604 922 3673 9pernitiosam
940 3603 968 3660 R
986 3606 999 3675 ΙΙ
1019 3595 1087 3669 fore}
1104 3605 1164 3671 (eie)
1182 3604 1210 3658 P
1228 3604 1241 3674 ΙΙ
1264 3603 1388 3658 eundern

254 3704 283 3759 R
385 3708 419 3762 10
436 3707 505 3776 exul]
524 3706 636 3764 LPRD
664 3708 675 3777 ΙΙ
704 3710 844 3763 seuocatur
861 3709 889 3763 P
910 3708 922 3777 ΙΙ
950 3706 1228 3774 du1(rs'nras.)P
1255 3706 1268 3777 ΙΙ
1298 3699 1387 3761 clas'is

255 3814 336 3878 (corr.
349 3811 468 3880 m.2)1’
500 3811 582 3867 classi
598 3810 629 3867 D
732 3813 765 3866 11
783 3815 918 3881 comperto
934 3811 1005 3866 Rei)
1024 3813 1037 3880 ΙΙ
1058 3811 1160 3879 primus
1177 3809 1299 3878 purtenia
1315 3809 1346 3862 D
1364 3811 1377 3878 ΙΙ

255 3923 409 3992 sparthanis
432 3923 487 3978 PR
589 3924 623 3978 13
645 3923 775 3978 eliberata
795 3923 817 3992 (l
836 3926 869 3978 in
886 3931 952 3979 raes
975 3923 1004 3977 R
1108 3922 1142 3977 lb
1164 3913 1304 4009 spartbienr
1327 3921 1355 3977 P

254 4036 396 4106 sparthani
415 4036 442 4091 R
545 4035 577 4091 16
596 4051 673 4091 cxxx
691 4035 747 4090 PR
849 4033 1387 4103 17uisq21nconflectoincensedimer-

256 4145 313 4184 sae·
331 4131 364 4184 isc
380 4146 436 4186 roa.
453 4129 550 4199 paullo
567 4131 727 4200 buprestim
743 4147 778 4184 ere
792 4134 808 4183 1
824 4128 854 4183 D
882 4129 894 4198 ΙΙ
923 4129 966 4182 his
984 4128 1139 4196 (hierar.)
1157 4127 1185 4182 P
1209 4127 1222 4196 ll
1250 4143 1317 4196 quae
1334 4143 1386 4182 as.

256 4226 291 4278 al.
310 4243 344 4281 m.
363 4226 394 4280 in
412 4225 439 4280 R
552 4225 584 4280 18
604 4224 674 4280 bellu
693 4225 722 4278 in
740 4226 773 4279 in
790 4239 845 4279 roe.
862 4240 897 4277 m.
915 4228 931 4277 1
948 4223 978 4276 D
1001 4224 1013 4291 ΙΙ
1036 4222 1188 4291 sparthanis
1207 4220 1261 4276 PR
