2934 4975
481 356 636 425 capitula
658 353 715 409 lib.
734 354 800 409 IllI.
1141 362 1206 429 519

64 533 216 594 XXXIIII.
240 536 282 594 De
304 533 485 595 Hasdrubale
507 534 681 595 Hannibalis
703 533 810 604 fratre,
834 548 915 608 quem
940 532 1058 596 claudie
1080 535 1195 598 Nerone

170 639 200 698 at
222 637 304 698 Liuio
326 640 423 698 Ilurco
446 637 622 708 consulibus,
645 640 712 696 dum
733 636 770 696 ab
793 637 936 711 Hispania
955 655 1008 711 per
1031 637 1142 700 Gallias
1166 641 1196 700 in

170 738 286 801 Italiam
315 758 379 800 cnm
408 740 533 800 exercitu
556 743 585 800 et
606 738 771 814 elephantis
802 739 942 800 adiutorio
972 741 1058 802 fratri
1079 742 1195 804 iuturus

170 845 290 915 accedit,
312 861 418 918 magno
440 843 549 919 proelio
571 842 694 904 feliciter
716 845 883 919 superatum
898 843 1040 904 &manus
1055 847 1195 906 exercitus

40 967 55 1006 s
170 946 316 1008 iuterfecIt
347 951 490 1022 caputque
524 947 586 1008 eius
616 947 648 1008 in
677 946 763 1007 Italia
791 947 877 1008 fratri
905 947 1069 1022 inopinanti
1096 951 1195 1011 trans·

171 1049 260 1111 misit
284 1047 341 1129 [18
355 1059 371 1120 9
386 1049 417 1129 a]

63 1151 178 1212 XXXV.
202 1153 245 1213 De
267 1154 391 1214 eiusdem
406 1153 546 1230 Scipionis
560 1153 691 1214 Africani
705 1155 895 1229 prosperitate
911 1171 1103 1228 successuum,
1120 1158 1195 1230 quod
1221 1145 1232 1161 ’

169 1255 312 1330 Hispania
332 1258 471 1318 uelociter
491 1258 629 1317 uniuersa
651 1257 789 1317 adiuncta
817 1258 990 1331 reipublicae
1012 1259 1194 1335 triumphans

170 1359 276 1420 Vrbem
299 1359 394 1422 uictor
414 1361 576 1422 intrauerit.
600 1358 751 1441 [18516]

30 1460 301 1533 rennueret
333 1464 408 1525 idem
438 1465 533 1538 Scipio
566 1463 703 1525 felicitate
736 1463 857 1524 mirifica
883 1464 1011 1525 Africam
1043 1465 1195 1540 ingressus

171 1567 329 1627 Poenorum
351 1570 437 1628 duces
459 1585 587 1642 magnos,
612 1569 770 1644 Syphacem
793 1569 904 1629 scillcet
919 1569 1193 1646 Hasdrubalemque,

170 1672 351 1745 superauerit
379 1671 506 1731 hibernis
528 1671 690 1734 Poenorum
717 1672 799 1746 prius
828 1671 888 1730 siue
911 1671 1100 1733 Numidarum
1123 1673 1195 1734 miro

171 1774 291 1835 consilio
325 1775 400 1835 clam
433 1778 518 1835 noctu
555 1773 686 1834 incendio
720 1775 920 1849 confingentis,
958 1776 1008 1835 nbi
1045 1775 1195 1836 maximam

171 1878 305 1938 dirorum
333 1881 443 1953 partem
473 1878 611 1938 inermem
641 1880 726 1952 atque
749 1879 825 1938 iuter
847 1881 942 1938 castra
964 1880 1123 1939 currentem
1147 1879 1194 1939 in·

31 2005 54 2044 rs
171 1980 307 2057 speratus
329 1983 516 2058 obpresserit,
540 1981 698 2057 Syphacem
720 1999 831 2057 qnoque
849 1999 900 2057 per
914 1982 1043 2042 Laelium
1066 1983 1195 2043 uinctum

168 2086 288 2146 Romam
309 2084 508 2146 transmiserit
529 2083 666 2166 [18517
688 2081 805 2163 consul]

62 2188 211 2250 XXXVII.
236 2189 277 2249 De
298 2190 372 2249 bello
394 2189 495 2249 ultimo
516 2189 694 2264 maximoque
715 2189 793 2249 inter
816 2188 976 2262 Scipionem
1000 2190 1028 2248 et
1050 2189 1194 2249 adiuerso

169 2292 360 2366 perniciosum
376 2293 511 2352 Romania
533 2294 645 2353 bostem
659 2290 861 2363 Hannibalem,
886 2291 934 2365 qui
957 2290 1084 2352 eiusdem
1099 2291 1195 2353 cousi-

171 2396 211 2456 lio
244 2396 372 2456 consulis
405 2396 434 2454 iu
457 2395 585 2456 Africam
617 2396 654 2455 ab
677 2395 766 2454 Italia
799 2393 893 2455 redire
921 2397 1038 2456 coactus
1067 2398 1127 2470 est,
1163 2395 1197 2456 in

170 2504 325 2576 conspectu
349 2500 533 2575 Carthaginis
560 2517 665 2575 magna
691 2499 867 2575 reipublicae
894 2499 1034 2561 felicitate
1056 2499 1195 2576 conlecto,

170 2606 300 2677 qnodque
323 2603 486 2664 Hannibale
519 2620 582 2663 cum
615 2604 715 2676 paucis
746 2602 774 2662 iu
805 2580 902 2678 fuga⁸m
930 2620 1013 2663 nereo
1037 2604 1103 2665 data
1126 2618 1195 2677 pace

170 2708 341 2783 carthagini
362 2708 468 2767 bellum
484 2706 621 2768 Punicum
645 2708 811 2779 secundum,
835 2707 909 2781 quod
924 2724 976 2781 per
991 2723 1083 2767 annos
1099 2706 1195 2766 decern

170 2815 200 2871 et
222 2814 332 2886 septem
356 2813 450 2871 actum
472 2813 527 2881 est,
551 2810 638 2870 tuerit
660 2812 730 2871 tunc
753 2810 873 2869 finitum.
897 2806 953 2888 [19
969 2818 984 2878 i
1001 2807 1030 2888 1]

61 2916 226 2975 XXXVIII.
250 2916 291 2973 lle
312 2915 499 2974 Macedonum
526 2916 556 2973 et
578 2914 783 2987 Spartanorum
810 2928 874 2971 curn
897 2913 1056 2973 Haminiuo
1079 2914 1195 2973 consule

26 3043 53 3083 ss
170 3021 200 3078 et
236 3020 307 3080 duce
343 3020 423 3095 gesto
461 3017 615 3079 certamine
652 3016 866 3091 uictoribusque
899 3016 1037 3077 &manis
1072 3016 1196 3089 plurima

169 3122 292 3181 militum
315 3122 395 3182 clade
417 3121 556 3181 conlecto.
582 3117 714 3199 [2051]

60 3226 243 3285 XXXVIIII.
266 3224 345 3295 Quod
368 3225 533 3285 Hamilcare
555 3223 625 3283 duce
648 3224 763 3295 Poeno,
798 3223 847 3296 qui
869 3223 902 3282 in
924 3222 1011 3282 ltalia
1033 3222 1194 3283 Hannibale

169 3330 329 3389 discedente
361 3330 551 3402 remanserat,
585 3345 602 3387 a
632 3326 700 3386 Bois
732 3330 820 3401 atque
854 3326 1024 3386 Cenomanis
1058 3325 1196 3385 Cremona

169 3432 375 3506 Placentiaque
404 3434 520 3491 nasuta
548 3430 588 3491 sit
615 3432 644 3490 et
674 3430 712 3488 ad
736 3428 866 3489 ultimum
889 3429 965 3489 bello
988 3429 1045 3503 ipsi
1067 3429 1195 3502 superati

115 3672 133 3722 1
153 3682 225 3723 nvr
243 3667 303 3736 (cic)
395 3666 500 3721 tleuio
520 3666 532 3735 ll
553 3664 711 3720 consulebas
730 3665 744 3735 ΙΙ
764 3664 851 3732 galias
943 3664 960 3717 3
978 3662 1101 3717 elefantis
1120 3660 1197 3716 adiu-

59 3756 140 3809 turio
165 3754 245 3808 fratri
270 3754 291 3819 (i
308 3755 357 3821 fia.
376 3752 500 3808 radendo
518 3767 552 3805 cx
569 3751 603 3819 is)
706 3751 725 3805 4
751 3749 857 3803 filiciter
960 3749 977 3803 8
1003 3748 1128 3802 uiluciter

60 3842 96 3895 10
115 3840 242 3895 illicitate
269 3841 282 3910 11
310 3840 393 3894 africa
498 3841 529 3892 11
554 3854 668 3907 magnus
696 3837 709 3908 ΙΙ
738 3836 852 3905 apiacam
957 3834 989 3889 14
1007 3837 1128 3889 currente

60 3929 96 3983 15
113 3927 231 3995 spineam
254 3928 267 3996 ll
289 3927 381 3980 lelium
480 3923 683 3992 1610111111οῙΙ
702 3926 828 3992 1111132)
934 3921 964 3976 17
984 3922 1127 3991 spicioncm

60 4013 97 4066 19
115 4013 234 4066 consulis
253 4012 274 4081 (i
290 4014 384 4067 atatim
401 4013 433 4065 ier
450 4028 465 4065 e
482 4014 561 4077 mut.)
664 4008 700 4063 20
720 4008 888 4078 chartaginis
917 4006 929 4078 ΙΙ
958 4007 1101 4077 reipublice
1120 4007 1198 4061 illici-

58 4102 123 4153 tate
142 4097 262 4153 coniectu
365 4099 399 4152 21
417 4096 560 4151 hannibale
579 4098 592 4166 ll
612 4096 677 4164 luga
780 4095 814 4148 22
832 4094 986 4163 chartagine
1008 4094 1021 4165 ll
1044 4094 1128 4148 decim

58 4184 96 4237 23
120 4184 222 4252 septim
324 4184 359 4237 24
382 4184 526 4239 tramInIno
543 4184 650 4237 console
752 4182 787 4235 25
810 4180 872 4235 doce
976 4180 1009 4234 27
1028 4182 1152 4235 amilcare
1175 4178 1186 4248 ΙΙ

57 4268 191 4323 annibale
295 4270 330 4323 29
347 4270 548 4339 placentiaquae
571 4270 583 4339 ΙΙ
605 4267 706 4323 bellum
1048 4335 1102 4389 37.
