2934 4975
261 332 327 399 470
589 329 688 385 Pauli
704 329 819 385 Orosii
837 329 1070 385 Historiarum

241 502 365 586 aprimi
399 502 626 588 rempublicam
659 519 759 585 aequo
793 503 861 568 iure
895 502 993 569 tutati
1021 506 1105 569 sunt.
1143 502 1260 570 bellum
1292 502 1405 569 deinde

270 609 380 673 eontra
416 607 553 673 Parthos
592 605 771 674 admirabili
811 607 932 672 uirtute
970 609 1001 673 et
1038 606 1190 673 felicitate
1227 608 1404 690 gesseruut.

270 710 394 776 Annius
409 710 590 776 Antoninus
604 709 705 775 Verus
723 709 764 775 ad
780 710 813 775 id
828 709 947 776 bellum
970 709 1127 794 proiectus
1142 714 1199 777 est.
1231 710 1404 794 Vologeses

271 814 366 893 enim,
388 832 442 879 rer
457 813 658 893 Parthorum,
681 812 774 898 graui
796 813 958 896 eruptione
975 796 1156 881 A‘rmeniam
1176 812 1405 897 Cappadociam

242 915 456 1001 asyriamque
484 915 640 983 uastabat.
676 919 730 983 sed
755 917 951 994 Antoninus,
980 936 1034 999 per
1056 918 1287 985 strenuissimos
1310 919 1438 983 loeas

169 1087 175 1097 ,
271 1018 394 1104 magnis
409 1017 504 1085 rebus
517 1019 625 1102 gestia
642 1018 818 1086 Seleueiam
837 1019 985 1106 Assyriae
1001 1022 1109 1087 urbem
1124 1039 1220 1103 super
1234 1020 1404 1105 Hydaspen

269 1122 403 1187 fluuium
431 1124 525 1189 sitam
555 1140 626 1188 oum
653 1123 892 1208 quadringentis
921 1123 1051 1191 milibus
1079 1123 1243 1190 homiuum
1265 1126 1350 1207 oepit
1373 1130 1405 1187 et

271 1242 344 1289 oum
371 1224 469 1292 fratre
498 1226 537 1291 de
565 1225 698 1293 uictoria
719 1226 870 1293 Parthioe
897 1227 1126 1310 triumphauit3
1161 1246 1197 1295 ae
1219 1246 1280 1293 non
1303 1228 1406 1293 multo

269 1328 357 1410 post,
391 1330 467 1395 dnm
489 1345 561 1396 oum
586 1328 683 1395 fratre
703 1332 737 1397 in
759 1330 905 1397 uehiculo
927 1332 1036 1409 sedet,
1070 1348 1142 1397 ousn
1165 1330 1281 1411 morbi,
1312 1348 1405 1413 quem

270 1430 455 1514 apoplexian
477 1430 587 1499 Graeci
609 1433 732 1513 uooaut,
756 1434 927 1502 suffooatua
949 1434 1097 1515 marnes
1416 1454 1438 1493 ιο

242 1553 261 1607 4
313 1550 358 1617 Eo
372 1549 520 1618 domnoto
536 1552 661 1619 Marone
676 1554 855 1621 Antoninus
872 1554 957 1621 solus
973 1554 1161 1639 reipublicae
1182 1553 1325 1639 praefuit.
1351 1552 1406 1618 sed

271 1654 303 1719 in
337 1654 446 1721 diebus
473 1654 615 1722 Parthioi
649 1656 726 1723 belli
758 1659 986 1740 persecutiones
1007 1657 1257 1725 Christianorum
1290 1658 1405 1741 quarte

270 1758 333 1823 iam
354 1762 426 1842 post
447 1756 606 1825 Neronem
628 1760 697 1825 uioe
717 1761 752 1825 in
768 1761 844 1827 Asia
870 1767 902 1826 et
925 1762 957 1826 in
976 1759 1081 1828 Gallia
1102 1780 1216 1847 manes
1240 1764 1404 1846 praesepto

269 1861 337 1927 eius
364 1862 553 1929 exstiterunt
586 1863 739 1946 multique
770 1868 952 1931 sanatorum
981 1866 1130 1949 martyrio
1155 1866 1295 1931 eoronati
1318 1872 1402 1929 snut.

372 2098 514 2139 evonenus
552 2086 597 2153 §4
614 2086 797 2155 eo-praeluit
808 2088 891 2143 Datr.
908 2092 934 2154 8,
946 2092 981 2143 11
1011 2088 1023 2157 ΙΙ
1051 2088 1405 2157 pemeeutiones-ooronati

269 2173 333 2225 sunt
351 2171 431 2227 Hier.
451 2174 527 2228 2133
550 2173 598 2239 (of.
617 2173 695 2229 codd.
712 2175 785 2243 ΜΒ)

372 2374 563 2417 sxr1naroase
612 2363 627 2415 1
655 2360 822 2415 bellum-2
849 2362 990 2431 gesserunt
1017 2360 1160 2429 esaeepat
1186 2358 1267 2415 Beda
1285 2358 1325 2413 D.
1345 2364 1362 2411 t.
1383 2374 1407 2411 r.

269 2461 295 2500 a.
314 2447 385 2501 4131

323 2655 336 2708 l
364 2655 448 2709 tutati
475 2655 504 2721 (u
522 2669 556 2709 ex
573 2668 590 2708 t
606 2658 638 2708 ut
656 2653 713 2710 uio.
733 2656 907 2722 eorr.m.1)
934 2654 962 2708 P
1065 2653 1205 2722 3annius]
1223 2653 1253 2708 D
1295 2667 1404 2708 marona

268 2741 330 2807 ΡΒ,
348 2755 399 2796 ora.
420 2739 448 2795 V
462 2740 572 2807 (Made
588 2739 736 2809 antonius),
771 2740 870 2796 Lucius
887 2738 958 2807 [σὴς
981 2740 1102 2805 Oroeiuo,
1120 2740 1168 2809 oui
1184 2755 1273 2809 sopra
1289 2741 1405 2794 nomino

268 2828 450 2896 mosem
473 2842 509 2882 aa
531 2827 625 2892 Her„
647 2828 673 2882 le.
690 2827 708 2883 l.
727 2827 915 2896 Dotroptonia
933 2829 971 2895 (8,
991 2829 1028 2881 10
1044 2827 1064 2898 5
1081 2828 1109 2895 2)
1137 2826 1221 2882 Verus
1247 2825 1405 2880 Antoninus

267 2912 379 2968 addidit
404 2913 509 2968 Annius
534 2914 603 2969 autm
628 2914 703 2969 olore
730 2914 806 2984 loqui
832 2914 884 2969 atti
906 2914 985 2968 umas
1003 2913 1108 2980 (detuit
1125 2912 1224 2966 Lusius
1242 2911 1287 2966 uel
1305 2912 1405 2968 Lucius

266 2999 398 3065 Anniuslr
424 2999 480 3053 uiri
495 2999 569 3065 forte
591 3000 696 3055 Annius
712 3017 799 3070 oeque
816 3015 849 3055 aa
866 2999 973 3054 Marone
990 2999 1066 3068 (ΡΒ)
1084 3016 1104 3054 u
1120 2998 1245 3054 latrantia
1261 2998 1404 3052 insessum

266 3085 333 3153 erit,
356 3089 390 3139 ut
410 3083 523 3141 Orosius
541 3085 722 3156 morsum
743 3086 884 3155 repetierit
908 3101 959 3140 eaeo
984 3086 1042 3142 loeo
1064 3100 1123 3142 noo
1146 3085 1274 3156 ammon
1291 3085 1341 3140 aed
1358 3085 1402 3139 tie

264 3169 349 3238 pleae
364 3170 439 3237 solea
479 3173 491 3241 ΙΙ
532 3172 682 3243 uologesus]
701 3172 731 3227 D
772 3172 928 3259 uologegsna
947 3172 986 3226 ps
1032 3171 1186 3240 uologessus
1204 3168 1231 3225 Β
1249 3176 1275 3225 et
1291 3176 1324 3225 at
1342 3170 1402 3227 uid.

267 3273 307 3328 P·
343 3270 533 3344 οὐολὸγεσσος
551 3275 633 3345 Syna
671 3275 834 3344 Vologaesus
851 3275 907 3342 fat
1007 3274 1094 3342 Aren]
1112 3289 1157 3328 sex
1175 3274 1205 3328 D
1282 3273 1318 3342 to
1336 3275 1405 3342 syri-

266 3362 371 3432 amque]
389 3360 466 3418 PRo
499 3362 655 3432 trinamque
671 3362 717 3431 D‚·
761 3361 924 3432 Lyciamque
944 3363 964 3416 t
991 3362 1003 3431 ss
1031 3361 1260 3417 strenuosissimos
1278 3361 1335 3416 ΡΒ

264 3448 391 3503 tausirio
408 3447 438 3502 D
480 3447 625 3503 isauriel'
657 3447 670 3518 ΙΙ
704 3448 908 3516 yllaspenltua.
934 3463 994 3518 sup.
1013 3453 1037 3516 s)
1056 3449 1086 3502 D
1132 3447 1260 3518 ydaapem
1278 3447 1334 3502 ΡΒ

265 3551 514 3622 lquaiririheutis
532 3551 574 3618 (dr
592 3553 624 3607 ia
639 3566 696 3607 roa.
713 3567 748 3606 aa
767 3556 794 3619 1)
812 3550 840 3606 Β
878 3545 1102 3622 quo‘dmngentus
1127 3555 1208 3617 (sorr.
1225 3567 1262 3606 m.
1280 3552 1307 3619 1)
1326 3550 1357 3605 D
1380 3551 1393 3619 ΙΙ

264 3637 353 3707 eoepit
374 3638 417 3696 R·
519 3639 536 3692 9
558 3640 621 3707 post
642 3636 716 3707 dum]
736 3637 775 3706 N¹
803 3637 863 3706 (aed
880 3653 931 3693 om.
950 3642 1067 3708 oum),o
1107 3640 1170 3707 poat
1188 3637 1297 3693 modum
1315 3636 1368 3692 ΡΒ

264 3725 327 3791 post
352 3724 383 3779 D
429 3728 492 3794 post
517 3723 579 3778 mod
606 3723 679 3792 (mod
703 3725 751 3778 uel
777 3723 839 3778 moll
865 3729 944 3778 m.1⁰
971 3726 1004 3779 ia
1020 3739 1092 3791 roa,
1119 3739 1154 3779 eo:
1172 3723 1246 3787 dui,
1273 3723 1306 3776 ia
1329 3735 1402 3776 oom-

263 3809 357 3864 monus
373 3827 444 3870 oorr.
463 3828 498 3866 m.
516 3809 592 3874 3)θ
624 3809 638 3878 ΙΙ
669 3807 753 3878 sedet]
772 3810 803 3865 D
847 3810 941 3866 sedans
958 3809 1012 3866 ΡΒ
1028 3811 1094 3867 tere
1110 3811 1143 3865 isa
1160 3826 1215 3866 roe·
1239 3807 1288 3864 6¹·
1330 3806 1403 3861 redit

264 3894 291 3949 Ῥ
316 3896 329 3965 ΙΙ
356 3912 433 3952 meua
451 3898 479 3953 Β
584 3892 618 3948 10
634 3893 803 3966 apoplexian]
823 3895 877 3952 ΡΒ
896 3897 939 3963 (ira
955 3911 1041 3966 marp.
1058 3912 1147 3951 asom
1164 3897 1260 3951 uooull.
1280 3909 1351 3952 arua
1369 3897 1403 3950 ia

263 3980 301 4048 P)
341 3982 506 4052 abopleriam
522 3978 570 4048 D;
605 3980 747 4048 apoplexin
765 3982 852 4039 Dato.
871 3983 1000 4050 (tempure
1017 3981 1138 4051 apoplexi
1156 3982 1238 4038 Hier.
1256 3985 1354 4046 taso)
1378 3983 1391 4051 ΙΙ

263 4069 335 4134 graui
351 4068 382 4122 D
403 4068 417 4138 ΙΙ
439 4067 592 4135 antiugatue
612 4064 642 4120 D
746 4068 779 4122 11
798 4083 828 4122 eo
843 4066 982 4137 defuneto]
1000 4066 1170 4124 eodeslunuto
1183 4070 1232 4136 (er.
1245 4069 1284 4135 m)
1301 4067 1332 4121 D

265 4154 298 4208 12
321 4153 520 4223 persecutiones
546 4152 679 4218 (entiores
695 4169 731 4208 aa.
750 4159 766 4208 1
784 4155 818 4209 ia
834 4156 904 4223 roe.)
929 4154 958 4208 P
1062 4154 1096 4210 14
1123 4153 1272 4208 extiterunt
1299 4153 1355 4210 ΡΒ
1379 4155 1393 4222 ΙΙ

262 4240 386 4293 martirio
404 4238 433 4293 D
