2934 4975
269 357 331 423 182
436 423 439 436 ι
587 353 690 410 Pauli
707 353 825 410 Oroeii
842 354 1074 410 Historiarum

229 538 264 593 11
277 528 441 594 occideret.
481 527 553 591 inde
581 524 757 591 conscensis
785 525 917 590 nauibus
945 543 1017 590 cum
1047 523 1164 590 Oceani
1192 526 1287 591 litora
1317 545 1412 609 pera·

277 635 393 718 granet,
415 635 455 698 ad
477 631 585 695 urbem
606 629 762 713 quandem
783 629 834 694 eui
856 627 991 693 Ambira
1011 647 1065 693 rex
1086 632 1232 713 praeerat
1252 628 1410 714 peruenit.

276 739 331 801 sed
353 736 387 800 in
409 733 632 819 expugnatione
655 732 795 798 ciuitatis
810 749 959 814 magnam
973 733 1096 814 partem
1113 734 1266 798 exercitus
1280 732 1413 814 sagittis

278 839 413 904 hostium
435 854 554 903 ueneno
576 835 677 901 inlitis
698 835 817 914 amisit,
840 852 878 900 ac
898 835 969 919 poet
990 835 1090 900 herba
1103 854 1158 918 per
1173 835 1331 900 somnium
1345 835 1412 900 sibi

276 945 401 1006 ostense
427 941 461 1007 et
488 943 519 1005 in
547 940 658 1024 potum
685 938 800 1004 sauciis
830 939 905 1004 deta
933 955 1004 1004 cum
1026 939 1154 1022 reliquis
1176 938 1410 1016 subueniretur,
1444 959 1465 1001 ε

277 1043 386 1110 urbem
406 1043 596 1126 expugnauit
618 1045 650 1108 et
673 1044 765 1125 cepit.

225 1163 266 1225 20
318 1163 395 1228 Post
421 1164 510 1246 quasi
539 1163 726 1228 circumacta
755 1167 840 1228 meta
868 1163 906 1228 de
927 1161 1050 1228 Oceano
1078 1164 1192 1229 Indum
1214 1163 1334 1228 flumen
1357 1161 1411 1226 in-

247 1272 410 1353 agressus,
429 1267 622 1350 Babylonem
635 1264 779 1332 celeriter
792 1266 897 1332 rediit.
914 1265 970 1330 ubi
985 1285 1059 1332 eum
1074 1267 1293 1331 exterritarum
1309 1267 1412 1332 totins

276 1369 369 1438 Orbis
394 1369 623 1454 prouinciarum
644 1369 741 1451 legati
763 1369 1019 1451 opperiebantur,
1049 1370 1108 1434 hoo
1134 1373 1181 1435 est
1204 1367 1410 1452 Oarthagini-

276 1473 397 1540 ensium
419 1471 577 1556 totiusque
599 1472 724 1538 Africae
746 1472 928 1551 ciuitatum,
961 1471 1016 1538 sed
1039 1475 1071 1538 et
1093 1471 1306 1554 Hispanorum
1327 1471 1411 1540 Gal·
1425 1498 1460 1538 ιο

188 1605 210 1645 n.
226 1578 376 1641 malorum
398 1574 523 1642 Siciliae
547 1574 775 1657 Sardiniaeque,
798 1574 964 1657 plu'rimae
986 1577 1146 1657 praeterea
1167 1576 1266 1659 partis
1281 1574 1409 1641 Italiae.

245 1681 382 1746 orantus
405 1679 500 1745 timor
520 1680 556 1745 in
577 1697 699 1744 summo
715 1677 844 1744 Oriente
866 1678 1031 1744 constituti
1052 1680 1139 1745 ducis
1155 1664 1284 1762 populos
1299 1678 1411 1743 ultimi

275 1779 453 1849 Occidentis
476 1782 648 1860 inuaserat,
677 1782 710 1846 ut
739 1782 812 1846 inde
843 1782 1040 1866 peregrinam
1062 1783 1129 1848 toto
1158 1782 1274 1862 mundo
1298 1801 1408 1847 cerne·

245 1888 323 1951 4res
353 1885 557 1970 legationem,
588 1901 647 1969 quo
676 1885 730 1950 uir
757 1884 898 1950 crederes
926 1886 1105 1967 pemenisse
1126 1902 1292 1951 rumorem.
1327 1885 1410 1951 Ale-

375 2173 516 2214 avcronrs
562 2158 999 2230 §1111ctie.1a,1o§1-4
1101 2159 1212 2228 capae
1232 2159 1409 2228 §11urtia

274 2245 494 2315 12‚1o§5-7
603 2245 887 2314 §acroamata
906 2249 954 2312 12,
973 2243 1142 2317 repra
1167 2245 1205 2309 es,
1228 2245 1304 2300 erm
1323 2248 1349 2310 e,
1368 2249 1409 2299 21

272 2331 348 2401 §20
450 2329 647 2398 §41uetr'nue
665 2334 707 2397 12,
725 2334 761 2385 13
777 2329 799 2401 ,ς
817 2336 850 2396 6,·
868 2334 972 2386 14-16
989 2332 1110 2386 &ociter
1127 2347 1274 2402 capream

325 2590 339 2643 1
358 2588 491 2643 consensis
509 2587 539 2641 D
566 2588 579 2659 ΙΙ
607 2560 686 2642 oceno
705 2591 732 2656 (a
748 2604 770 2643 a.
788 2604 810 2643 e.
827 2603 862 2644 m.
880 2593 913 2643 at
929 2588 988 2643 oid.
1007 2590 1034 2659 1)
1051 2589 1082 2643 D
1187 2590 1205 2643 2
1226 2590 1342 2660 ambira]
1365 2592 1409 2646 aio

272 2708 384 2765 DPRD
400 2711 526 2781 (denque
545 2729 564 2775 ς
580 2710 637 2765 aiei
653 2708 726 2778 quod
743 2708 837 2763 enbira
857 2706 900 2776 N)
1003 2708 1020 2763 3
1037 2680 1142 2779 partim
1161 2712 1188 2779 (a
1204 2727 1238 2766 oa
1254 2717 1287 2766 ut
1304 2710 1362 2767 oid.
1376 2715 1408 2782 1)

271 2829 300 2884 D
402 2834 419 2886 4
443 2801 510 2886 uilo
533 2830 562 2887 a
590 2830 602 2909 ιι
630 2794 711 2884 ursin
735 2831 830 2898 (pror
849 2830 861 2885 1
878 2846 913 2884 ee
930 2845 949 2883 n
967 2845 1052 2896 eom,-
1077 2832 1144 2886 nre.
1162 2846 1184 2887 a.
1203 2849 1239 2887 a.
1257 2836 1288 2903 a)
1306 2832 1335 2889 a

271 2950 493 3022 seenqren
535 2916 1395 3027 “mommsenmenatenses

271 3056 357 3109 saum
374 3055 396 3124 <i
412 3070 434 3111 e.
451 3072 472 3113 e.
490 3074 525 3111 m.
543 3060 576 3121 a)
594 3056 622 3110 P
643 3055 655 3127 ιι
678 3056 868 3110 subueniretur
888 3056 910 3124 (r
924 3056 958 3110 e·
973 3059 1041 3124 rae.)
1059 3055 1088 3110 Ρ
1189 3058 1208 3112 e
1230 3042 1320 3126 depr
1342 3058 1370 3112 n

271 3176 358 3246 eoepit
374 3176 405 3231 D
448 3176 521 3249 cqpit
539 3178 566 3234 P
604 3176 691 3247 caepit
710 3178 738 3247 (a
755 3177 787 3231 ic
803 3178 872 3247 roo.)
890 3176 918 3231 R
1022 3177 1405 3233 teircumactametadoceano

271 3264 296 3329 (e
311 3278 411 3317 cam.
424 3262 498 3331 ab
533 3262 904 3317 oncumactametadoeeano
922 3264 953 3318 D
988 3264 1150 3318 circumacta
1167 3264 1310 3319 ..doceano
1330 3266 1368 3320 ΡΙ
1397 3329 1401 3335 ί

269 3384 431 3439 circumacta
448 3384 471 3437 b
486 3348 602 3440 l:tocsano
621 3383 660 3439 1²¹
694 3385 856 3440 circumacta
869 3386 893 3439 b
907 3386 939 3441 de
950 3402 1047 3442 oceano
1064 3387 1093 3443 R
1110 3388 1139 3455 (ς
1149 3388 1232 3441 uarie
1242 3386 1404 3455 interpolati

268 3488 345 3555 see)
374 3487 386 3556 ιι
414 3486 526 3541 meum
552 3488 581 3541 P
691 3486 709 3543 a
736 3488 907 3558 cauponum
934 3492 974 3547 rr
1011 3492 1023 3561 ιι
1058 3477 1199 3576 dorem
1217 3494 1243 3558 (a
1260 3490 1403 3545 ememor

267 3588 416 3655 atmrlle'ctc)
435 3590 463 3644 P
504 3589 641 3644 caeleriter
657 3590 686 3648 R
730 3592 823 3647 celiter
839 3591 870 3647 D
976 3593 1211 3663 Oprouinciarnm
1229 3596 1255 3659 (c
1270 3593 1304 3649 ta
1319 3597 1402 3661 corr.)

267 3672 296 3727 P
328 3675 341 3744 ΙΙ
378 3674 463 3744 legati
481 3674 685 3744 opperiebantur
701 3678 723 3744 (i
741 3693 776 3748 op
792 3679 825 3733 ta
844 3694 901 3735 rae.
919 3682 994 3750 ang.)
1013 3680 1040 3735 P
1074 3679 1087 3749 ΙΙ
1124 3677 1350 3748 opperibenturb
1377 3680 1390 3750 ΙΙ

267 3759 500 3828 karthaginienaid
519 3761 617 3829 (iensid
634 3762 666 3817 tu
682 3766 751 3830 roe.)
768 3764 797 3819 Ρ
831 3765 1095 3835 karthaginiensium
1113 3765 1142 3821 R
1251 3765 1286 3819 lO
1302 3764 1401 3820 totius-

267 3860 318 3914 que
341 3846 403 3914 (que
424 3844 488 3901 adst
505 3862 539 3901 or.
558 3850 589 3914 2)
611 3849 640 3903 P
683 3850 773 3905 tuclus
794 3851 825 3905 D
862 3853 875 3922 ΙΙ
912 3850 1249 3920 decemremem?
1295 3849 1401 3906 affricae

266 3929 297 3985 D
337 3930 452 3985 miricae
470 3933 517 4000 (er.
536 3932 559 4000 O
577 3934 606 3990 R
634 3934 646 4007 ΙΙ
675 3936 721 3989 sed
738 3940 766 3991 et
783 3937 815 3991 tc
831 3953 885 3992 roa.
904 3938 1066 4009 angustiore
1082 3938 1111 3993 Ρ
1137 3938 1150 4009 ΙΙ
1178 3937 1324 4008 gallorum]
1342 3937 1401 4007 gel·

265 4050 354 4107 lorum
380 4052 508 4107 italorum
533 4052 563 4108 D
675 4056 706 4111 11
734 4059 854 4126 preterea
877 4060 906 4113 P
932 4058 945 4129 ΙΙ
973 4024 1307 4129 pumiceumque?
1340 4072 1401 4127 par-

265 4172 322 4225 this
339 4172 370 4229 D
468 4174 500 4229 12
518 4148 619 4231 sommo
637 4176 666 4233 P
697 4190 831 4234 errmrnnm
848 4178 880 4233 D
898 4180 911 4250 ιι
929 4178 1028 4235 orienti
1045 4182 1074 4237 R
1175 4180 1208 4237 13
1224 4182 1284 4235 toto
1300 4180 1400 4235 mnodo

265 4259 392 4330 demeres]
412 4260 439 4315 L
485 4276 603 4316 cerneres
621 4262 684 4329 (ris
702 4263 741 4331 D)
758 4266 818 4319 toto
836 4264 937 4320 mundo
954 4266 1038 4323 PRD
