2934 4975
508 304 664 374 capitula
686 303 744 359 lib.
765 303 863 360 V-Vl.
1185 307 1248 374 587

152 482 258 542 lle-De
280 481 457 541 llitbridatis
478 480 557 556 regis
572 481 662 542 Ponti
682 482 712 542 et
726 481 885 542 Armeniae
907 481 1051 542 diuturnis
1072 497 1136 542 cum
1158 497 1240 554 ogre·

214 583 271 659 giis
293 583 414 643 ducibus
437 583 638 661 Romanorum,
662 584 827 658 specialiter
848 585 965 646 Lucullo
988 587 1074 660 atque
1096 584 1240 660 Pompeio,

214 702 266 761 per
287 685 388 747 Asiam
422 686 612 760 maximisque
645 686 840 760 conflictibus,
874 690 1039 763 quanteque
1071 689 1189 750 tandem
1211 689 1241 746 ui

214 787 303 850 tuerit
324 791 485 864 superatus.
509 791 543 865 [1
559 796 576 857 t
590 790 638 863 28]

91 909 103 948 e
134 892 190 952 HL
214 891 294 962 Quod
315 890 394 953 inter
416 893 475 952 ista
495 893 614 952 satelles
634 893 829 954 Marianarum
856 893 982 970 partium
1007 894 1133 954 Fimbria
1154 893 1241 954 Ilium

214 995 390 1055 subuerterit
421 997 473 1056 sed
507 996 588 1073 Sylla
619 996 782 1057 restituerit
813 999 843 1058 et
876 999 951 1072 qaod
989 999 1086 1059 eodem
1115 1000 1242 1073 ternpore

217 1097 343 1160 Siciliam
356 1098 463 1160 Verres
483 1101 599 1174 praetor
621 1099 776 1174 adflixerit,
798 1099 952 1176 piraticam
973 1117 1042 1162 uero
1056 1101 1241 1162 insolentiam

214 1202 398 1262 uehementer
419 1201 535 1263 Gnaeus
557 1201 708 1278 Pompeius
729 1206 808 1266 terra
839 1203 966 1280 marique
995 1206 1066 1266 tnnc
1091 1205 1240 1280 presserit,

213 1304 339 1364 insulam
368 1322 479 1380 quoquc
512 1305 625 1368 cretam
655 1306 742 1382 longo
771 1305 847 1366 bello
878 1306 1032 1368 edomitam
1065 1305 1241 1384 reipublicae

79 1429 104 1470 ro
215 1406 354 1468 Metellus
375 1407 546 1468 adiunxerit.
571 1409 604 1485 [2
619 1416 636 1477 t
650 1422 667 1472 9
683 1409 810 1484 interea]

119 1527 192 1588 1111.
216 1527 258 1589 ns
287 1529 416 1590 eiusdem
438 1529 557 1606 Pompei
585 1547 650 1592 cum
680 1530 804 1592 diuersis
827 1547 860 1592 ac
883 1530 988 1592 nubtis
1014 1531 1150 1606 gentibus
1173 1546 1242 1590 con-

214 1648 319 1706 gressu
348 1632 554 1708 plurimisque·
568 1633 828 1709 tamosissimisqne
858 1633 988 1696 uictoriis
1012 1635 1042 1694 et
1064 1633 1241 1694 Mithridatis

212 1735 249 1793 ic
265 1734 402 1810 Bosporo
425 1735 597 1798 dematilio
613 1738 758 1798 Pharnace
781 1739 960 1800 obsideretur
975 1738 1104 1800 interitu.
1128 1737 1163 1815 [4
1178 1743 1193 1806 5
1208 1738 1240 1812 a]

153 1853 189 1916 V.
213 1855 318 1926 Qualia
346 1859 422 1918 idem
451 1858 606 1933 Pompeius
635 1860 666 1919 in
695 1859 778 1936 Syria
806 1876 841 1920 uc
869 1859 1013 1920 Phoenice
1043 1857 1107 1920 sine
1130 1858 1240 1918 Arabia
1309 1839 1312 1846 ⁴

79 1985 102 2024 re
212 1953 349 2034 deinceps
382 1961 460 2022 bella
494 1961 649 2022 confecerit
676 1962 724 2022 nel
755 1961 855 2036 quales
884 1964 954 2023 urbe
977 1963 1062 2036 capto
1083 1977 1241 2035 eremoque

214 2061 415 2138 Hierosolyma
447 2064 483 2124 ‹le
504 2063 621 2126 ludaeis
653 2066 767 2140 strages
800 2064 893 2140 egerit
919 2067 949 2124 ot
974 2067 1009 2125 de
1042 2063 1241 2124 coniuratione

214 2165 314 2224 eontra
334 2165 459 2240 putrium
474 2165 617 2228 Catilinae
639 2183 657 2225 a
672 2167 809 2230 cicerone
831 2167 952 2230 consulo
966 2166 1089 2228 feliciter
1104 2165 1240 2228 extincte.

214 2268 327 2342 [6t1l

139 2370 190 2433 VL
214 2372 257 2432 De
289 2373 490 2447 magnitudino
521 2372 694 2448 proeliorum
723 2374 793 2436 Iulii
823 2373 957 2436 (tassaria
990 2389 1041 2436 seu
1075 2371 1240 2448 triumphis,

79 2502 104 2545 so
213 2492 285 2550 quos
307 2475 430 2537 deuictis
451 2476 620 2539 fortissimis
642 2476 758 2554 populis
782 2477 954 2553 regibusque
980 2475 1137 2553 Gallorum,
1160 2475 1241 2535 Brite

211 2580 311 2640 tannis
340 2596 453 2655 quoque
480 2582 568 2657 atque
590 2580 744 2641 Germanis
773 2581 837 2655 pari
866 2580 1061 2655 prosperitate
1095 2580 1242 2653 superatis

213 2682 339 2743 hostiurn
361 2683 485 2743 domitor
506 2683 667 2759 singularis
689 2683 819 2745 emeruit.
843 2684 877 2761 [7
896 2691 912 2752 t
929 2684 958 2757 1]

122 2824 191 2885 vn.
213 2824 257 2883 Do
278 2822 451 2884 Parthorum
483 2838 624 2899 prospero
653 2821 773 2883 nimium
802 2823 834 2883 in
857 2822 992 2883 Orassurn
1014 2818 1161 2882 consulem
1184 2817 1242 2878 llo·

87 2942 96 2955 ·
216 2942 372 3001 manesque
401 2940 538 2988 successo
560 2927 590 2985 ot
611 2942 627 2987 e
648 2927 763 2987 diuerso
790 2926 926 2987 continuo
949 2923 1042 2984 bassii
1064 2924 1100 2983 de
1123 2922 1242 2982 Parthis

79 3054 104 3096 rs
214 3030 315 3089 secute
338 3028 470 3089 uictoria.
496 3030 550 3103 [12
567 3030 628 3103 rr]

112 3150 196 3212 VIII.
214 3150 258 3210 lle
291 3149 366 3210 bello
399 3146 482 3209 ciuili
503 3149 691 3224 gremmine,
721 3150 797 3223 quod
827 3149 992 3211 auctoribus
1021 3148 1145 3209 Caesare
1168 3144 1242 3206 Iulio

215 3255 301 3327 atque
323 3251 458 3327 Pompeio
493 3268 557 3311 cnm
589 3250 713 3313 marimo
746 3250 912 3314 nobilitatis
947 3254 976 3312 et
1008 3250 1108 3329 populi
1141 3251 1241 3323 strsqo

216 3356 311 3415 actum
333 3356 377 3415 est
398 3356 430 3414 et
450 3352 572 3416 finitum
596 3355 653 3431 [14
668 3363 684 3425 t
698 3353 729 3435 o]

164 3604 354 3661 lmetridatie
382 3606 396 3677 tl
424 3604 553 3661 arminiae
654 3605 817 3675 bparoium
919 3605 937 3660 6
960 3604 1094 3659 subuertit
1121 3602 1134 3673 ΙΙ
1162 3601 1240 3657 resti·

111 3692 168 3748 tuit
266 3692 399 3763 laertes]
417 3691 507 3747 uerbis
529 3693 543 3763 ΙΙ
564 3691 739 3746 insolentiam
836 3691 971 3762 Spenous
1068 3688 1193 3745 9insule
1215 3688 1228 3759 ΙΙ

112 3778 230 3833 edomita
316 3779 349 3833 11
366 3777 543 3848 plurimisque
558 3793 702 3848 congressu
795 3776 829 3833 12
846 3778 921 3835 inter
939 3776 1063 3834 uictoriis
1081 3782 1108 3833 et
1126 3778 1160 3832 13
1178 3776 1243 3831 dum

113 3866 174 3922 circ.
186 3867 229 3920 20
240 3864 293 3921 litt.
306 3879 408 3932 nosce,
421 3864 471 3919 obi
482 3867 512 3919 et
523 3864 692 3919 mithridatis
703 3864 734 3919 in
748 3862 860 3933 bosporo
871 3864 957 3931 fatere
968 3864 1072 3920 conieci
1076 3884 1087 3933 ;
1104 3864 1202 3920 borum
1214 3864 1244 3917 ot

113 3950 406 4022 mithridatiseocotipio
418 3956 608 4021 opnoemeor
693 3950 726 4006 13
739 3949 900 4006 obsideritur
981 3950 1014 4005 14
1025 3950 1111 4006 ionice
1122 3949 1174 4004 sibi

115 4038 147 4092 lb
162 4036 252 4107 qualis
338 4036 371 4091 16
389 4035 571 4106 bperusolime
592 4036 605 4107 lt
627 4035 714 4091 iudeis
736 4036 749 4107 ΙΙ
772 4034 921 4091 decidisti
1010 4036 1043 4091 17
1061 4033 1199 4090 estillinae
1219 4032 1233 4103 ΙΙ

115 4120 218 4177 oonsole'
234 4122 343 4177 illiciter
438 4123 471 4178 19
488 4121 702 4194 megnituelinern
796 4123 831 4178 ue
847 4122 968 4179 domitur
1057 4122 1092 4176 23
1109 4119 1244 4175 consulem

115 4222 288 4278 romanusque
389 4209 558 4267 resistitis
660 4209 694 4264 2¹1
711 4208 871 4265 nubilitatis
