<?xml version="1.0" encoding="UTF-8"?>
<!DOCTYPE html PUBLIC "-//W3C//DTD XHTML 1.0 Transitional//EN"
    "http://www.w3.org/TR/xhtml1/DTD/xhtml1-transitional.dtd">
<html xmlns="http://www.w3.org/1999/xhtml" xml:lang="en" lang="en">
 <head>
  <title>
</title>
<meta http-equiv="Content-Type" content="text/html;charset=utf-8" />
  <meta name='ocr-system' content='tesseract 3.04.00' />
  <meta name='ocr-capabilities' content='ocr_page ocr_carea ocr_par ocr_line ocrx_word'/>
</head>
<body>
  <div class='ocr_page' id='page_1' title='image "./corpusscriptoru18wissgoog/corpusscriptoru18wissgoog_0714.png"; bbox 0 0 2934 4975; ppageno 0'>
   <div class='ocr_carea' id='block_1_1' title="bbox 265 351 948 418">
    <p class='ocr_par' dir='ltr' id='par_1_1' title="bbox 265 351 948 418">
     <span class='ocr_line' id='line_1_1' title="bbox 265 351 948 418; baseline -0.01 -8"><span class='ocrx_word' id='word_1_1' title='bbox 265 353 328 418; x_wconf 85' lang='grc'><strong>606</strong></span> <span class='ocrx_word' id='word_1_2' title='bbox 707 351 810 406; x_wconf 86' lang='lat' dir='ltr'><strong>Pauli</strong></span> <span class='ocrx_word' id='word_1_3' title='bbox 834 351 948 406; x_wconf 90' lang='lat' dir='ltr'><strong>Orosii</strong></span> 
     </span>
    </p>
   </div>
   <div class='ocr_carea' id='block_1_2' title="bbox 243 523 1431 1742">
    <p class='ocr_par' dir='ltr' id='par_1_2' title="bbox 273 523 1397 710">
     <span class='ocr_line' id='line_1_2' title="bbox 274 523 1397 606; baseline -0.001 -17"><span class='ocrx_word' id='word_1_4' title='bbox 274 525 500 589; x_wconf 88' lang='lat' dir='ltr'><strong>subministrat.</strong></span> <span class='ocrx_word' id='word_1_5' title='bbox 538 528 571 588; x_wconf 88' lang='lat' dir='ltr'><strong>et</strong></span> <span class='ocrx_word' id='word_1_6' title='bbox 592 543 654 589; x_wconf 92' lang='lat' dir='ltr'><strong>nou</strong></span> <span class='ocrx_word' id='word_1_7' title='bbox 677 525 793 588; x_wconf 88' lang='lat' dir='ltr'><strong>mirum</strong></span> <span class='ocrx_word' id='word_1_8' title='bbox 816 529 881 600; x_wconf 91' lang='lat' dir='ltr'><strong>est,</strong></span> <span class='ocrx_word' id='word_1_9' title='bbox 905 526 932 590; x_wconf 90' lang='lat' dir='ltr'><strong>si</strong></span> <span class='ocrx_word' id='word_1_10' title='bbox 956 524 1168 606; x_wconf 73' lang='lat' dir='ltr'><strong>competenter</strong></span> <span class='ocrx_word' id='word_1_11' title='bbox 1189 523 1273 588; x_wconf 93' lang='lat' dir='ltr'><strong>hunc</strong></span> <span class='ocrx_word' id='word_1_12' title='bbox 1295 523 1397 590; x_wconf 91' lang='lat' dir='ltr'><strong>locum</strong></span> 
     </span>
     <span class='ocr_line' id='line_1_3' title="bbox 273 625 1397 710; baseline -0.001 -19"><span class='ocrx_word' id='word_1_13' title='bbox 273 628 437 708; x_wconf 87' lang='lat' dir='ltr'><strong>prouidens</strong></span> <span class='ocrx_word' id='word_1_14' title='bbox 453 628 613 710; x_wconf 77' lang='lat' dir='ltr'><strong>Scriptura</strong></span> <span class='ocrx_word' id='word_1_15' title='bbox 626 627 817 708; x_wconf 76' lang='lat' dir='ltr'><strong>prenuntiat,</strong></span> <span class='ocrx_word' id='word_1_16' title='bbox 841 627 895 692; x_wconf 91' lang='lat' dir='ltr'><strong>uhi</strong></span> <span class='ocrx_word' id='word_1_17' title='bbox 910 626 965 704; x_wconf 89' lang='lat' dir='ltr'><strong>ait,</strong></span> <span class='ocrx_word' id='word_1_18' title='bbox 988 625 1216 692; x_wconf 91' lang='lat' dir='ltr'><strong>Philistiirn</strong></span> <span class='ocrx_word' id='word_1_19' title='bbox 1237 627 1397 692; x_wconf 88' lang='lat' dir='ltr'><strong>stabant</strong></span> 
     </span>
    </p>

    <p class='ocr_par' dir='ltr' id='par_1_3' title="bbox 243 730 1431 1333">
     <span class='ocr_line' id='line_1_4' title="bbox 243 730 1397 814; baseline 0.002 -23"><span class='ocrx_word' id='word_1_20' title='bbox 243 738 391 814; x_wconf 75' lang='lat' dir='ltr'><strong>osupcr</strong></span> <span class='ocrx_word' id='word_1_21' title='bbox 409 737 575 797; x_wconf 89' lang='lat' dir='ltr'><strong>montem</strong></span> <span class='ocrx_word' id='word_1_22' title='bbox 590 749 631 795; x_wconf 85' lang='lat' dir='ltr'><strong>on</strong></span> <span class='ocrx_word' id='word_1_23' title='bbox 645 732 719 796; x_wconf 88' lang='lat' dir='ltr'><strong>hac</strong></span> <span class='ocrx_word' id='word_1_24' title='bbox 733 737 852 812; x_wconf 89' lang='lat' dir='ltr'><strong>parte.</strong></span> <span class='ocrx_word' id='word_1_25' title='bbox 871 733 910 798; x_wconf 92' lang='lat' dir='ltr'><strong>ab</strong></span> <span class='ocrx_word' id='word_1_26' title='bbox 923 731 1060 796; x_wconf 75' lang='lat' dir='ltr'><strong>Ecclesia</strong></span> <span class='ocrx_word' id='word_1_27' title='bbox 1074 730 1226 812; x_wconf 71' lang='lat' dir='ltr'><strong>mquidem</strong></span> <span class='ocrx_word' id='word_1_28' title='bbox 1241 730 1397 795; x_wconf 89' lang='lat' dir='ltr'><strong>haereseos</strong></span> 
     </span>
     <span class='ocr_line' id='line_1_5' title="bbox 271 833 1397 918; baseline -0.001 -19"><span class='ocrx_word' id='word_1_29' title='bbox 271 835 472 918; x_wconf 76' lang='lat' dir='ltr'><strong>impugnator</strong></span> <span class='ocrx_word' id='word_1_30' title='bbox 502 833 670 917; x_wconf 85' lang='lat' dir='ltr'><strong>expellitur</strong></span> <span class='ocrx_word' id='word_1_31' title='bbox 698 836 731 900; x_wconf 91' lang='lat' dir='ltr'><strong>et</strong></span> <span class='ocrx_word' id='word_1_32' title='bbox 759 835 873 900; x_wconf 88' lang='lat' dir='ltr'><strong>nutriri</strong></span> <span class='ocrx_word' id='word_1_33' title='bbox 895 835 928 900; x_wconf 92' lang='lat' dir='ltr'><strong>in</strong></span> <span class='ocrx_word' id='word_1_34' title='bbox 949 836 1019 900; x_wconf 91' lang='lat' dir='ltr'><strong>sinu</strong></span> <span class='ocrx_word' id='word_1_35' title='bbox 1041 834 1195 902; x_wconf 72' lang='lat' dir='ltr'><strong>Ecclesiae</strong></span> <span class='ocrx_word' id='word_1_36' title='bbox 1224 833 1397 898; x_wconf 87' lang='lat' dir='ltr'><strong>hacreticus</strong></span> 
     </span>
     <span class='ocr_line' id='line_1_6' title="bbox 271 936 1431 1022; baseline -0.004 -19"><span class='ocrx_word' id='word_1_37' title='bbox 271 940 450 1016; x_wconf 91' lang='lat' dir='ltr'><strong>inuenitur,</strong></span> <span class='ocrx_word' id='word_1_38' title='bbox 493 942 526 1003; x_wconf 90' lang='lat' dir='ltr'><strong>ct</strong></span> <span class='ocrx_word' id='word_1_39' title='bbox 569 939 695 1021; x_wconf 88' lang='lat' dir='ltr'><strong>propter</strong></span> <span class='ocrx_word' id='word_1_40' title='bbox 736 939 795 1003; x_wconf 90' lang='lat' dir='ltr'><strong>hoc</strong></span> <span class='ocrx_word' id='word_1_41' title='bbox 840 958 894 1022; x_wconf 88' lang='lat' dir='ltr'><strong>per</strong></span> <span class='ocrx_word' id='word_1_42' title='bbox 930 938 1082 1021; x_wconf 87' lang='lat' dir='ltr'><strong>Spiritum</strong></span> <span class='ocrx_word' id='word_1_43' title='bbox 1124 936 1274 1004; x_wconf 79' lang='lat' dir='ltr'><strong>Sanctum</strong></span> <span class='ocrx_word' id='word_1_44' title='bbox 1309 936 1431 1000; x_wconf 70' lang='lat' dir='ltr'><strong>indes</strong></span> 
     </span>
     <span class='ocr_line' id='line_1_7' title="bbox 271 1040 1396 1124; baseline -0.002 -18"><span class='ocrx_word' id='word_1_45' title='bbox 271 1041 400 1107; x_wconf 88' lang='lat' dir='ltr'><strong>Israel</strong></span> <span class='ocrx_word' id='word_1_46' title='bbox 420 1044 528 1107; x_wconf 88' lang='lat' dir='ltr'><strong>stare</strong></span> <span class='ocrx_word' id='word_1_47' title='bbox 545 1040 774 1124; x_wconf 86' lang='lat' dir='ltr'><strong>pronuntiatur,</strong></span> <span class='ocrx_word' id='word_1_48' title='bbox 797 1043 887 1108; x_wconf 91' lang='lat' dir='ltr'><strong>hinc</strong></span> <span class='ocrx_word' id='word_1_49' title='bbox 908 1041 1044 1106; x_wconf 87' lang='lat' dir='ltr'><strong>hostis.</strong></span> <span class='ocrx_word' id='word_1_50' title='bbox 1068 1043 1100 1106; x_wconf 91' lang='lat' dir='ltr'><strong>et</strong></span> <span class='ocrx_word' id='word_1_51' title='bbox 1122 1041 1180 1107; x_wconf 91' lang='lat' dir='ltr'><strong>hoc</strong></span> <span class='ocrx_word' id='word_1_52' title='bbox 1200 1059 1302 1123; x_wconf 86' lang='lat' dir='ltr'><strong>saepe.</strong></span> <span class='ocrx_word' id='word_1_53' title='bbox 1325 1059 1396 1104; x_wconf 87' lang='lat' dir='ltr'><strong>nam</strong></span> 
     </span>
     <span class='ocr_line' id='line_1_8' title="bbox 271 1143 1397 1229; baseline 0 -21"><span class='ocrx_word' id='word_1_54' title='bbox 271 1146 305 1209; x_wconf 89' lang='lat' dir='ltr'><strong>et</strong></span> <span class='ocrx_word' id='word_1_55' title='bbox 326 1164 379 1209; x_wconf 85' lang='lat' dir='ltr'><strong>rex</strong></span> <span class='ocrx_word' id='word_1_56' title='bbox 400 1146 503 1210; x_wconf 84' lang='lat' dir='ltr'><strong>Dauid</strong></span> <span class='ocrx_word' id='word_1_57' title='bbox 528 1165 625 1229; x_wconf 83' lang='lat' dir='ltr'><strong>nsque</strong></span> <span class='ocrx_word' id='word_1_58' title='bbox 641 1147 681 1211; x_wconf 86' lang='lat' dir='ltr'><strong>ad</strong></span> <span class='ocrx_word' id='word_1_59' title='bbox 695 1145 830 1227; x_wconf 91' lang='lat' dir='ltr'><strong>impium</strong></span> <span class='ocrx_word' id='word_1_60' title='bbox 843 1146 944 1212; x_wconf 89' lang='lat' dir='ltr'><strong>lilium</strong></span> <span class='ocrx_word' id='word_1_61' title='bbox 959 1147 1028 1226; x_wconf 92' lang='lat' dir='ltr'><strong>pius</strong></span> <span class='ocrx_word' id='word_1_62' title='bbox 1043 1150 1131 1228; x_wconf 89' lang='lat' dir='ltr'><strong>pater</strong></span> <span class='ocrx_word' id='word_1_63' title='bbox 1146 1145 1185 1210; x_wconf 88' lang='lat' dir='ltr'><strong>ab</strong></span> <span class='ocrx_word' id='word_1_64' title='bbox 1200 1143 1397 1208; x_wconf 80' lang='lat' dir='ltr'><strong>Hierusalem</strong></span> 
     </span>
     <span class='ocr_line' id='line_1_9' title="bbox 272 1243 1396 1333; baseline -0.001 -22"><span class='ocrx_word' id='word_1_65' title='bbox 272 1248 411 1328; x_wconf 85' lang='lat' dir='ltr'><strong>deposito</strong></span> <span class='ocrx_word' id='word_1_66' title='bbox 433 1250 518 1333; x_wconf 81' lang='lat' dir='ltr'><strong>regis</strong></span> <span class='ocrx_word' id='word_1_67' title='bbox 540 1243 652 1314; x_wconf 84' lang='lat' dir='ltr'><strong>hahi&#39;tn</strong></span> <span class='ocrx_word' id='word_1_68' title='bbox 674 1249 819 1333; x_wconf 82' lang='lat' dir='ltr'><strong>fugatur:</strong></span> <span class='ocrx_word' id='word_1_69' title='bbox 843 1249 897 1314; x_wconf 91' lang='lat' dir='ltr'><strong>uhi</strong></span> <span class='ocrx_word' id='word_1_70' title='bbox 918 1249 1061 1331; x_wconf 91' lang='lat' dir='ltr'><strong>protinus</strong></span> <span class='ocrx_word' id='word_1_71' title='bbox 1084 1247 1222 1312; x_wconf 84' lang='lat' dir='ltr'><strong>hbsalon</strong></span> <span class='ocrx_word' id='word_1_72' title='bbox 1246 1250 1396 1330; x_wconf 81' lang='lat' dir='ltr'><strong>tyrannus</strong></span> 
     </span>
    </p>

    <p class='ocr_par' dir='ltr' id='par_1_4' title="bbox 243 1349 1431 1742">
     <span class='ocr_line' id='line_1_10' title="bbox 243 1349 1395 1437; baseline 0.001 -24"><span class='ocrx_word' id='word_1_73' title='bbox 243 1351 456 1434; x_wconf 75' lang='lat' dir='ltr'><strong>iingreditnr.</strong></span> <span class='ocrx_word' id='word_1_74' title='bbox 492 1355 558 1418; x_wconf 88' lang='lat' dir='ltr'><strong>stat</strong></span> <span class='ocrx_word' id='word_1_75' title='bbox 579 1371 652 1437; x_wconf 85' lang='lat' dir='ltr'><strong>ergo</strong></span> <span class='ocrx_word' id='word_1_76' title='bbox 675 1352 803 1422; x_wconf 82' lang='lat' dir='ltr'><strong>Goliath</strong></span> <span class='ocrx_word' id='word_1_77' title='bbox 827 1389 869 1400; x_wconf 92' lang='lat'><em>-</em></span> <span class='ocrx_word' id='word_1_78' title='bbox 893 1372 946 1435; x_wconf 92' lang='lat' dir='ltr'><strong>pro</strong></span> <span class='ocrx_word' id='word_1_79' title='bbox 969 1353 1071 1418; x_wconf 81' lang='lat' dir='ltr'><strong>dolori</strong></span> <span class='ocrx_word' id='word_1_80' title='bbox 1095 1387 1134 1398; x_wconf 91' lang='lat'>—</span> <span class='ocrx_word' id='word_1_81' title='bbox 1159 1371 1195 1416; x_wconf 84' lang='lat' dir='ltr'><strong>er</strong></span> <span class='ocrx_word' id='word_1_82' title='bbox 1217 1350 1275 1415; x_wconf 89' lang='lat' dir='ltr'><strong>hac</strong></span> <span class='ocrx_word' id='word_1_83' title='bbox 1296 1349 1395 1432; x_wconf 75' lang='lat' dir='ltr'><strong>peric,</strong></span> 
     </span>
     <span class='ocr_line' id='line_1_11' title="bbox 270 1454 1431 1534; baseline -0.003 -17"><span class='ocrx_word' id='word_1_84' title='bbox 270 1454 303 1518; x_wconf 87' lang='lat' dir='ltr'><strong>id</strong></span> <span class='ocrx_word' id='word_1_85' title='bbox 333 1459 381 1519; x_wconf 90' lang='lat' dir='ltr'><strong>est</strong></span> <span class='ocrx_word' id='word_1_86' title='bbox 408 1455 442 1520; x_wconf 92' lang='lat' dir='ltr'><strong>in</strong></span> <span class='ocrx_word' id='word_1_87' title='bbox 463 1455 617 1533; x_wconf 73' lang='lat' dir='ltr'><strong>Ecclesia,</strong></span> <span class='ocrx_word' id='word_1_88' title='bbox 652 1458 684 1520; x_wconf 92' lang='lat' dir='ltr'><strong>et</strong></span> <span class='ocrx_word' id='word_1_89' title='bbox 712 1474 773 1520; x_wconf 95' lang='lat' dir='ltr'><strong>non</strong></span> <span class='ocrx_word' id='word_1_90' title='bbox 806 1457 908 1520; x_wconf 89' lang='lat' dir='ltr'><strong>solnm</strong></span> <span class='ocrx_word' id='word_1_91' title='bbox 934 1457 1009 1532; x_wconf 82' lang='lat' dir='ltr'><strong>stat,</strong></span> <span class='ocrx_word' id='word_1_92' title='bbox 1044 1474 1154 1520; x_wconf 89' lang='lat' dir='ltr'><strong>nerum</strong></span> <span class='ocrx_word' id='word_1_93' title='bbox 1183 1455 1431 1534; x_wconf 74' lang='lat' dir='ltr'><strong>etpronocat,1e</strong></span> 
     </span>
     <span class='ocr_line' id='line_1_12' title="bbox 269 1556 1395 1641; baseline -0.003 -20"><span class='ocrx_word' id='word_1_94' title='bbox 269 1558 424 1640; x_wconf 87' lang='lat' dir='ltr'><strong>simulque</strong></span> <span class='ocrx_word' id='word_1_95' title='bbox 454 1578 508 1640; x_wconf 88' lang='lat' dir='ltr'><strong>per</strong></span> <span class='ocrx_word' id='word_1_96' title='bbox 531 1559 597 1623; x_wconf 85' lang='lat' dir='ltr'><strong>dies</strong></span> <span class='ocrx_word' id='word_1_97' title='bbox 625 1559 776 1641; x_wconf 87' lang='lat' dir='ltr'><strong>plurimos</strong></span> <span class='ocrx_word' id='word_1_98' title='bbox 799 1565 942 1626; x_wconf 87' lang='lat' dir='ltr'><strong>sanctum</strong></span> <span class='ocrx_word' id='word_1_99' title='bbox 968 1560 1066 1626; x_wconf 90' lang='lat' dir='ltr'><strong>lsrael</strong></span> <span class='ocrx_word' id='word_1_100' title='bbox 1088 1556 1251 1624; x_wconf 76' lang='lat' dir='ltr'><strong>manifesti</strong></span> <span class='ocrx_word' id='word_1_101' title='bbox 1273 1556 1395 1620; x_wconf 88' lang='lat' dir='ltr'><strong>timoris</strong></span> 
     </span>
     <span class='ocr_line' id='line_1_13' title="bbox 269 1662 441 1742; baseline 0.017 -19"><span class='ocrx_word' id='word_1_102' title='bbox 269 1662 441 1742; x_wconf 86' lang='lat' dir='ltr'><strong>exprobrat.</strong></span> 
     </span>
    </p>
   </div>
   <div class='ocr_carea' id='block_1_3' title="bbox 236 1775 1430 3007">
    <p class='ocr_par' dir='ltr' id='par_1_5' title="bbox 239 1775 1430 2071">
     <span class='ocr_line' id='line_1_14' title="bbox 239 1775 1395 1865; baseline -0.002 -19"><span class='ocrx_word' id='word_1_103' title='bbox 239 1775 258 1835; x_wconf 74' lang='lat'>³</span> <span class='ocrx_word' id='word_1_104' title='bbox 310 1782 368 1858; x_wconf 84' lang='lat' dir='ltr'><strong>Nc,</strong></span> <span class='ocrx_word' id='word_1_105' title='bbox 391 1801 517 1864; x_wconf 87' lang='lat' dir='ltr'><strong>quaeso,</strong></span> <span class='ocrx_word' id='word_1_106' title='bbox 548 1783 721 1848; x_wconf 86' lang='lat' dir='ltr'><strong>beatissimi</strong></span> <span class='ocrx_word' id='word_1_107' title='bbox 743 1782 934 1860; x_wconf 88' lang='lat' dir='ltr'><strong>sacerdotes,</strong></span> <span class='ocrx_word' id='word_1_108' title='bbox 965 1783 1129 1865; x_wconf 73' lang='lat' dir='ltr'><strong>qumquam</strong></span> <span class='ocrx_word' id='word_1_109' title='bbox 1152 1801 1202 1847; x_wconf 92' lang='lat' dir='ltr'><strong>me</strong></span> <span class='ocrx_word' id='word_1_110' title='bbox 1224 1782 1395 1846; x_wconf 85' lang='lat' dir='ltr'><strong>arbitretur</strong></span> 
     </span>
     <span class='ocr_line' id='line_1_15' title="bbox 268 1883 1395 1967; baseline -0.001 -19"><span class='ocrx_word' id='word_1_111' title='bbox 268 1883 327 1948; x_wconf 91' lang='lat' dir='ltr'><strong>snb</strong></span> <span class='ocrx_word' id='word_1_112' title='bbox 349 1890 512 1967; x_wconf 84' lang='lat' dir='ltr'><strong>praetentu</strong></span> <span class='ocrx_word' id='word_1_113' title='bbox 535 1886 650 1966; x_wconf 88' lang='lat' dir='ltr'><strong>speciei</strong></span> <span class='ocrx_word' id='word_1_114' title='bbox 672 1884 801 1950; x_wconf 83' lang='lat' dir='ltr'><strong>(loliath</strong></span> <span class='ocrx_word' id='word_1_115' title='bbox 824 1887 926 1952; x_wconf 84' lang='lat' dir='ltr'><strong>Dauid</strong></span> <span class='ocrx_word' id='word_1_116' title='bbox 948 1887 1073 1952; x_wconf 87' lang='lat' dir='ltr'><strong>nomine</strong></span> <span class='ocrx_word' id='word_1_117' title='bbox 1095 1886 1239 1967; x_wconf 80' lang='lat' dir='ltr'><strong>gloriari:</strong></span> <span class='ocrx_word' id='word_1_118' title='bbox 1269 1904 1325 1950; x_wconf 91' lang='lat' dir='ltr'><strong>uos</strong></span> <span class='ocrx_word' id='word_1_119' title='bbox 1347 1903 1395 1948; x_wconf 84' lang='lat' dir='ltr'><strong>nne</strong></span> 
     </span>
     <span class='ocr_line' id='line_1_16' title="bbox 267 1989 1430 2071; baseline 0 -18"><span class='ocrx_word' id='word_1_120' title='bbox 267 1989 451 2071; x_wconf 88' lang='lat' dir='ltr'><strong>participem</strong></span> <span class='ocrx_word' id='word_1_121' title='bbox 474 1989 653 2054; x_wconf 83' lang='lat' dir='ltr'><strong>certaminis</strong></span> <span class='ocrx_word' id='word_1_122' title='bbox 682 1992 782 2054; x_wconf 89' lang='lat' dir='ltr'><strong>nestri</strong></span> <span class='ocrx_word' id='word_1_123' title='bbox 805 2007 873 2054; x_wconf 90' lang='lat' dir='ltr'><strong>esso</strong></span> <span class='ocrx_word' id='word_1_124' title='bbox 895 1991 1055 2067; x_wconf 87' lang='lat' dir='ltr'><strong>uoluistis,</strong></span> <span class='ocrx_word' id='word_1_125' title='bbox 1086 1991 1122 2054; x_wconf 92' lang='lat' dir='ltr'><strong>nt</strong></span> <span class='ocrx_word' id='word_1_126' title='bbox 1143 1989 1312 2054; x_wconf 85' lang='lat' dir='ltr'><strong>auxiliator</strong></span> <span class='ocrx_word' id='word_1_127' title='bbox 1334 2006 1430 2053; x_wconf 70' lang='lat' dir='ltr'><strong>nonis</strong></span> 
     </span>
    </p>

    <p class='ocr_par' dir='ltr' id='par_1_6' title="bbox 239 2076 1430 2791">
     <span class='ocr_line' id='line_1_17' title="bbox 239 2076 1393 2176; baseline 0.006 -28"><span class='ocrx_word' id='word_1_128' title='bbox 239 2076 376 2155; x_wconf 69' lang='lat' dir='ltr'><strong>cunctor</strong></span> <span class='ocrx_word' id='word_1_129' title='bbox 405 2091 591 2156; x_wconf 85' lang='lat' dir='ltr'><strong>accederem.</strong></span> <span class='ocrx_word' id='word_1_130' title='bbox 630 2091 770 2157; x_wconf 87' lang='lat' dir='ltr'><strong>latebam</strong></span> <span class='ocrx_word' id='word_1_131' title='bbox 804 2093 958 2176; x_wconf 85' lang='lat' dir='ltr'><strong>siqnidem</strong></span> <span class='ocrx_word' id='word_1_132' title='bbox 988 2094 1022 2157; x_wconf 91' lang='lat' dir='ltr'><strong>in</strong></span> <span class='ocrx_word' id='word_1_133' title='bbox 1053 2093 1232 2171; x_wconf 79' lang='lat' dir='ltr'><strong>Bethleem,</strong></span> <span class='ocrx_word' id='word_1_134' title='bbox 1267 2093 1393 2176; x_wconf 75' lang='lat' dir='ltr'><strong>ignmns</strong></span> 
     </span>
     <span class='ocr_line' id='line_1_18' title="bbox 267 2195 1394 2280; baseline 0.003 -23"><span class='ocrx_word' id='word_1_135' title='bbox 267 2196 388 2258; x_wconf 85' lang='lat' dir='ltr'><strong>aduena</strong></span> <span class='ocrx_word' id='word_1_136' title='bbox 408 2212 525 2276; x_wconf 89' lang='lat' dir='ltr'><strong>pauper</strong></span> <span class='ocrx_word' id='word_1_137' title='bbox 548 2231 589 2242; x_wconf 90' lang='lat'>-</span> <span class='ocrx_word' id='word_1_138' title='bbox 612 2197 686 2278; x_wconf 84' lang='lat' dir='ltr'><strong>qnid</strong></span> <span class='ocrx_word' id='word_1_139' title='bbox 706 2197 803 2260; x_wconf 89' lang='lat' dir='ltr'><strong>miser</strong></span> <span class='ocrx_word' id='word_1_140' title='bbox 825 2213 882 2278; x_wconf 77' lang='lat' dir='ltr'><strong>ego</strong></span> <span class='ocrx_word' id='word_1_141' title='bbox 905 2198 950 2261; x_wconf 89' lang='lat' dir='ltr'><strong>sic</strong></span> <span class='ocrx_word' id='word_1_142' title='bbox 972 2197 1096 2280; x_wconf 88' lang='lat' dir='ltr'><strong>loquor,</strong></span> <span class='ocrx_word' id='word_1_143' title='bbox 1126 2197 1241 2261; x_wconf 89' lang='lat' dir='ltr'><strong>iterum</strong></span> <span class='ocrx_word' id='word_1_144' title='bbox 1263 2195 1394 2260; x_wconf 82' lang='lat' dir='ltr'><strong>forsitan</strong></span> 
     </span>
     <span class='ocr_line' id='line_1_19' title="bbox 267 2297 1394 2382; baseline 0.004 -23"><span class='ocrx_word' id='word_1_145' title='bbox 267 2297 435 2360; x_wconf 88' lang='lat' dir='ltr'><strong>iactantiae</strong></span> <span class='ocrx_word' id='word_1_146' title='bbox 463 2300 639 2362; x_wconf 74' lang='lat' dir='ltr'><strong>notandus?</strong></span> <span class='ocrx_word' id='word_1_147' title='bbox 672 2299 819 2380; x_wconf 86' lang='lat' dir='ltr'><strong>qnoniam</strong></span> <span class='ocrx_word' id='word_1_148' title='bbox 850 2301 975 2382; x_wconf 90' lang='lat' dir='ltr'><strong>quidem</strong></span> <span class='ocrx_word' id='word_1_149' title='bbox 999 2305 1030 2365; x_wconf 93' lang='lat' dir='ltr'><strong>et</strong></span> <span class='ocrx_word' id='word_1_150' title='bbox 1053 2302 1119 2382; x_wconf 89' lang='lat' dir='ltr'><strong>ipse</strong></span> <span class='ocrx_word' id='word_1_151' title='bbox 1142 2301 1245 2366; x_wconf 88' lang='lat' dir='ltr'><strong>Dauid</strong></span> <span class='ocrx_word' id='word_1_152' title='bbox 1268 2303 1300 2364; x_wconf 89' lang='lat' dir='ltr'><strong>et</strong></span> <span class='ocrx_word' id='word_1_153' title='bbox 1322 2301 1394 2366; x_wconf 84' lang='lat' dir='ltr'><strong>talis</strong></span> 
     </span>
     <span class='ocr_line' id='line_1_20' title="bbox 268 2397 1394 2484; baseline 0.006 -24"><span class='ocrx_word' id='word_1_154' title='bbox 268 2406 299 2461; x_wconf 92' lang='lat' dir='ltr'><strong>et</strong></span> <span class='ocrx_word' id='word_1_155' title='bbox 328 2397 400 2462; x_wconf 91' lang='lat' dir='ltr'><strong>inde</strong></span> <span class='ocrx_word' id='word_1_156' title='bbox 428 2403 640 2481; x_wconf 91' lang='lat' dir='ltr'><strong>processit-</strong></span> <span class='ocrx_word' id='word_1_157' title='bbox 666 2401 804 2467; x_wconf 88' lang='lat' dir='ltr'><strong>latebam</strong></span> <span class='ocrx_word' id='word_1_158' title='bbox 833 2420 906 2484; x_wconf 89' lang='lat' dir='ltr'><strong>ergo</strong></span> <span class='ocrx_word' id='word_1_159' title='bbox 936 2404 969 2467; x_wconf 95' lang='lat' dir='ltr'><strong>in</strong></span> <span class='ocrx_word' id='word_1_160' title='bbox 999 2405 1181 2481; x_wconf 89' lang='lat' dir='ltr'><strong>Bethleem,</strong></span> <span class='ocrx_word' id='word_1_161' title='bbox 1216 2403 1354 2470; x_wconf 84' lang='lat' dir='ltr'><strong>traditus</strong></span> <span class='ocrx_word' id='word_1_162' title='bbox 1377 2423 1394 2467; x_wconf 86' lang='lat' dir='ltr'><strong>a</strong></span> 
     </span>
     <span class='ocr_line' id='line_1_21' title="bbox 266 2504 1430 2591; baseline 0.004 -25"><span class='ocrx_word' id='word_1_163' title='bbox 266 2504 355 2585; x_wconf 89' lang='lat' dir='ltr'><strong>patre</strong></span> <span class='ocrx_word' id='word_1_164' title='bbox 370 2505 559 2589; x_wconf 83' lang='lat' dir='ltr'><strong>Augustino,</strong></span> <span class='ocrx_word' id='word_1_165' title='bbox 583 2506 620 2569; x_wconf 93' lang='lat' dir='ltr'><strong>nt</strong></span> <span class='ocrx_word' id='word_1_166' title='bbox 641 2506 787 2570; x_wconf 91' lang='lat' dir='ltr'><strong>timorem</strong></span> <span class='ocrx_word' id='word_1_167' title='bbox 805 2506 929 2571; x_wconf 86' lang='lat' dir='ltr'><strong>Domini</strong></span> <span class='ocrx_word' id='word_1_168' title='bbox 946 2508 1097 2574; x_wconf 89' lang='lat' dir='ltr'><strong>discerem</strong></span> <span class='ocrx_word' id='word_1_169' title='bbox 1120 2508 1231 2575; x_wconf 85' lang='lat' dir='ltr'><strong>sedens</strong></span> <span class='ocrx_word' id='word_1_170' title='bbox 1247 2509 1288 2573; x_wconf 81' lang='lat' dir='ltr'><strong>uu</strong></span> <span class='ocrx_word' id='word_1_171' title='bbox 1302 2512 1430 2591; x_wconf 72' lang='lat' dir='ltr'><strong>padusa</strong></span> 
     </span>
     <span class='ocr_line' id='line_1_22' title="bbox 266 2606 1393 2691; baseline 0.004 -20"><span class='ocrx_word' id='word_1_172' title='bbox 266 2606 458 2691; x_wconf 76' lang='lat' dir='ltr'><strong>Hieronymi.</strong></span> <span class='ocrx_word' id='word_1_173' title='bbox 491 2609 561 2674; x_wconf 89' lang='lat' dir='ltr'><strong>iude</strong></span> <span class='ocrx_word' id='word_1_174' title='bbox 583 2608 784 2673; x_wconf 85' lang='lat' dir='ltr'><strong>Hierusalem</strong></span> <span class='ocrx_word' id='word_1_175' title='bbox 807 2610 895 2674; x_wconf 89' lang='lat' dir='ltr'><strong>uobis</strong></span> <span class='ocrx_word' id='word_1_176' title='bbox 918 2610 1162 2677; x_wconf 85' lang='lat' dir='ltr'><strong>accersientibus</strong></span> <span class='ocrx_word' id='word_1_177' title='bbox 1185 2616 1313 2678; x_wconf 85' lang='lat' dir='ltr'><strong>uocatus</strong></span> <span class='ocrx_word' id='word_1_178' title='bbox 1337 2612 1393 2676; x_wconf 86' lang='lat' dir='ltr'><strong>ad·</strong></span> 
     </span>
     <span class='ocr_line' id='line_1_23' title="bbox 266 2711 1394 2791; baseline 0.003 -16"><span class='ocrx_word' id='word_1_179' title='bbox 266 2711 353 2791; x_wconf 88' lang='lat' dir='ltr'><strong>neni;</strong></span> <span class='ocrx_word' id='word_1_180' title='bbox 387 2711 497 2777; x_wconf 84' lang='lat' dir='ltr'><strong>dehinc</strong></span> <span class='ocrx_word' id='word_1_181' title='bbox 525 2714 556 2777; x_wconf 92' lang='lat' dir='ltr'><strong>in</strong></span> <span class='ocrx_word' id='word_1_182' title='bbox 587 2716 776 2777; x_wconf 81' lang='lat' dir='ltr'><strong>mnuentum</strong></span> <span class='ocrx_word' id='word_1_183' title='bbox 806 2716 946 2778; x_wconf 90' lang='lat' dir='ltr'><strong>uestrum</strong></span> <span class='ocrx_word' id='word_1_184' title='bbox 978 2734 1041 2781; x_wconf 84' lang='lat' dir='ltr'><strong>nna</strong></span> <span class='ocrx_word' id='word_1_185' title='bbox 1069 2714 1233 2781; x_wconf 88' lang='lat' dir='ltr'><strong>uobiscum</strong></span> <span class='ocrx_word' id='word_1_186' title='bbox 1254 2714 1394 2782; x_wconf 87' lang='lat' dir='ltr'><strong>Iohanne</strong></span> 
     </span>
    </p>

    <p class='ocr_par' dir='ltr' id='par_1_7' title="bbox 236 2815 1394 3007">
     <span class='ocr_line' id='line_1_24' title="bbox 236 2815 1394 2903; baseline 0.009 -29"><span class='ocrx_word' id='word_1_187' title='bbox 236 2815 406 2896; x_wconf 83' lang='lat' dir='ltr'><strong>aepiscopo</strong></span> <span class='ocrx_word' id='word_1_188' title='bbox 430 2816 639 2898; x_wconf 88' lang='lat' dir='ltr'><strong>praecipiente</strong></span> <span class='ocrx_word' id='word_1_189' title='bbox 662 2816 838 2883; x_wconf 87' lang='lat' dir='ltr'><strong>conscendi.</strong></span> <span class='ocrx_word' id='word_1_190' title='bbox 869 2816 942 2883; x_wconf 90' lang='lat' dir='ltr'><strong>ilico</strong></span> <span class='ocrx_word' id='word_1_191' title='bbox 964 2819 1169 2901; x_wconf 84' lang='lat' dir='ltr'><strong>epusillitate</strong></span> <span class='ocrx_word' id='word_1_192' title='bbox 1192 2838 1261 2885; x_wconf 86' lang='lat' dir='ltr'><strong>mea</strong></span> <span class='ocrx_word' id='word_1_193' title='bbox 1283 2825 1394 2903; x_wconf 90' lang='lat' dir='ltr'><strong>postn-</strong></span> 
     </span>
     <span class='ocr_line' id='line_1_25' title="bbox 265 2917 1393 3007; baseline 0.005 -26"><span class='ocrx_word' id='word_1_194' title='bbox 265 2917 355 2982; x_wconf 88' lang='lat' dir='ltr'><strong>lastis</strong></span> <span class='ocrx_word' id='word_1_195' title='bbox 379 2920 536 2999; x_wconf 89' lang='lat' dir='ltr'><strong>uniuersi,</strong></span> <span class='ocrx_word' id='word_1_196' title='bbox 567 2923 603 2984; x_wconf 92' lang='lat' dir='ltr'><strong>ut</strong></span> <span class='ocrx_word' id='word_1_197' title='bbox 625 2919 653 2984; x_wconf 91' lang='lat' dir='ltr'><strong>si</strong></span> <span class='ocrx_word' id='word_1_198' title='bbox 675 2919 752 3003; x_wconf 89' lang='lat' dir='ltr'><strong>qnid</strong></span> <span class='ocrx_word' id='word_1_199' title='bbox 775 2940 867 3001; x_wconf 91' lang='lat' dir='ltr'><strong>snper</strong></span> <span class='ocrx_word' id='word_1_200' title='bbox 889 2921 948 2985; x_wconf 87' lang='lat' dir='ltr'><strong>hac</strong></span> <span class='ocrx_word' id='word_1_201' title='bbox 971 2921 1103 3001; x_wconf 88' lang='lat' dir='ltr'><strong>haeresi,</strong></span> <span class='ocrx_word' id='word_1_202' title='bbox 1127 2942 1220 3004; x_wconf 87' lang='lat' dir='ltr'><strong>qnam</strong></span> <span class='ocrx_word' id='word_1_203' title='bbox 1244 2921 1393 3007; x_wconf 88' lang='lat' dir='ltr'><strong>Pelagius</strong></span> 
     </span>
    </p>
   </div>
   <div class='ocr_carea' id='block_1_4' title="bbox 367 3123 1170 3195">
    <p class='ocr_par' dir='ltr' id='par_1_8' title="bbox 367 3123 1170 3195">
     <span class='ocr_line' id='line_1_26' title="bbox 367 3123 1170 3195; baseline 0.01 -22"><span class='ocrx_word' id='word_1_204' title='bbox 367 3135 509 3175; x_wconf 73' lang='lat' dir='ltr'><strong>armenus</strong></span> <span class='ocrx_word' id='word_1_205' title='bbox 544 3123 561 3175; x_wconf 82' lang='lat'><strong>2</strong></span> <span class='ocrx_word' id='word_1_206' title='bbox 578 3123 645 3192; x_wconf 82' lang='lat' dir='ltr'><strong>Ecp.</strong></span> <span class='ocrx_word' id='word_1_207' title='bbox 664 3128 687 3187; x_wconf 86' lang='lat'><strong>1,</strong></span> <span class='ocrx_word' id='word_1_208' title='bbox 704 3128 747 3187; x_wconf 83' lang='lat'><strong>17,</strong></span> <span class='ocrx_word' id='word_1_209' title='bbox 764 3129 782 3179; x_wconf 85' lang='lat'><strong><em>3</em></strong></span> <span class='ocrx_word' id='word_1_210' title='bbox 883 3124 945 3179; x_wconf 80' lang='lat'><strong>5.6</strong></span> <span class='ocrx_word' id='word_1_211' title='bbox 962 3126 1030 3195; x_wconf 67' lang='lat'><em>1309.</em></span> <span class='ocrx_word' id='word_1_212' title='bbox 1047 3130 1133 3191; x_wconf 83' lang='lat'><strong>1,17,</strong></span> <span class='ocrx_word' id='word_1_213' title='bbox 1152 3129 1170 3181; x_wconf 90' lang='grc'><em>3</em></span> 
     </span>
    </p>
   </div>
   <div class='ocr_carea' id='block_1_5' title="bbox 260 3310 1395 4325">
    <p class='ocr_par' dir='ltr' id='par_1_9' title="bbox 260 3310 1395 4325">
     <span class='ocr_line' id='line_1_27' title="bbox 316 3310 1325 3385; baseline 0.01 -26"><span class='ocrx_word' id='word_1_214' title='bbox 316 3310 329 3359; x_wconf 91' lang='grc'>1</span> <span class='ocrx_word' id='word_1_215' title='bbox 349 3310 545 3363; x_wconf 82' lang='lat' dir='ltr'><strong>sumministrat</strong></span> <span class='ocrx_word' id='word_1_216' title='bbox 563 3323 633 3374; x_wconf 75' lang='lat' dir='ltr'><strong>lauru</strong></span> <span class='ocrx_word' id='word_1_217' title='bbox 645 3328 666 3365; x_wconf 86' lang='lat' dir='ltr'><strong>c.</strong></span> <span class='ocrx_word' id='word_1_218' title='bbox 678 3328 699 3365; x_wconf 87' lang='lat' dir='ltr'><strong>c.</strong></span> <span class='ocrx_word' id='word_1_219' title='bbox 712 3328 786 3366; x_wconf 74' lang='lat' dir='ltr'><strong>own.</strong></span> <span class='ocrx_word' id='word_1_220' title='bbox 800 3318 900 3379; x_wconf 81' lang='lat' dir='ltr'><strong>poster.</strong></span> <span class='ocrx_word' id='word_1_221' title='bbox 920 3314 954 3379; x_wconf 78' lang='grc' dir='ltr'><strong>Τ)</strong></span> <span class='ocrx_word' id='word_1_222' title='bbox 974 3314 1083 3367; x_wconf 66' lang='lat' dir='ltr'><strong>coxo</strong></span> <span class='ocrx_word' id='word_1_223' title='bbox 1101 3316 1114 3383; x_wconf 78' lang='grc' dir='ltr'><strong>ΙΙ</strong></span> <span class='ocrx_word' id='word_1_224' title='bbox 1134 3314 1215 3385; x_wconf 81' lang='lat' dir='ltr'><strong>hunc]</strong></span> <span class='ocrx_word' id='word_1_225' title='bbox 1228 3314 1280 3369; x_wconf 89' lang='lat' dir='ltr'><strong>huc</strong></span> <span class='ocrx_word' id='word_1_226' title='bbox 1296 3319 1325 3369; x_wconf 99' lang='grc' dir='ltr'><em>Χ</em></span> 
     </span>
     <span class='ocr_line' id='line_1_28' title="bbox 263 3394 1393 3473; baseline 0.007 -26"><span class='ocrx_word' id='word_1_227' title='bbox 263 3394 453 3463; x_wconf 66' lang='lat' dir='ltr'><strong>Ephylietiim</strong></span> <span class='ocrx_word' id='word_1_228' title='bbox 479 3399 541 3450; x_wconf 71' lang='lat' dir='ltr'><em>W</em></span> <span class='ocrx_word' id='word_1_229' title='bbox 584 3398 716 3466; x_wconf 82' lang='lat' dir='ltr'><strong>philistim</strong></span> <span class='ocrx_word' id='word_1_230' title='bbox 741 3402 776 3451; x_wconf 77' lang='grc' dir='ltr'><strong>ΣΙ</strong></span> <span class='ocrx_word' id='word_1_231' title='bbox 821 3400 964 3468; x_wconf 83' lang='lat' dir='ltr'><strong>phylistiun</strong></span> <span class='ocrx_word' id='word_1_232' title='bbox 985 3402 1023 3454; x_wconf 77' lang='lat' dir='ltr'><strong>n·</strong></span> <span class='ocrx_word' id='word_1_233' title='bbox 1124 3404 1191 3457; x_wconf 76' lang='lat' dir='ltr'><strong>iiior</strong></span> <span class='ocrx_word' id='word_1_234' title='bbox 1208 3418 1290 3473; x_wconf 73' lang='lat' dir='ltr'><strong>musy.</strong></span> <span class='ocrx_word' id='word_1_235' title='bbox 1309 3403 1348 3457; x_wconf 83' lang='lat' dir='ltr'><strong>ccl</strong></span> <span class='ocrx_word' id='word_1_236' title='bbox 1366 3420 1393 3455; x_wconf 85' lang='lat' dir='ltr'><strong>u.</strong></span> 
     </span>
     <span class='ocr_line' id='line_1_29' title="bbox 263 3480 1326 3557; baseline 0.009 -24"><span class='ocrx_word' id='word_1_237' title='bbox 263 3480 465 3549; x_wconf 82' lang='lat' dir='ltr'><strong>siquidem—4</strong></span> <span class='ocrx_word' id='word_1_238' title='bbox 487 3487 592 3537; x_wconf 88' lang='lat' dir='ltr'><strong>nutrire</strong></span> <span class='ocrx_word' id='word_1_239' title='bbox 615 3490 680 3539; x_wconf 81' lang='lat' dir='ltr'><strong>nota</strong></span> <span class='ocrx_word' id='word_1_240' title='bbox 697 3486 786 3539; x_wconf 70' lang='lat' dir='ltr'><strong>udam.</strong></span> <span class='ocrx_word' id='word_1_241' title='bbox 804 3504 830 3539; x_wconf 88' lang='lat' dir='ltr'><strong>r:</strong></span> <span class='ocrx_word' id='word_1_242' title='bbox 850 3489 877 3539; x_wconf 91' lang='grc' dir='ltr'><em>Χ</em></span> <span class='ocrx_word' id='word_1_243' title='bbox 897 3487 909 3557; x_wconf 87' lang='grc' dir='ltr'><strong>ΙΙ</strong></span> <span class='ocrx_word' id='word_1_244' title='bbox 929 3487 1049 3541; x_wconf 87' lang='lat' dir='ltr'><strong>hereseos</strong></span> <span class='ocrx_word' id='word_1_245' title='bbox 1073 3490 1122 3541; x_wconf 80' lang='grc' dir='ltr'><strong>ΣΦ</strong></span> <span class='ocrx_word' id='word_1_246' title='bbox 1158 3486 1277 3557; x_wconf 58' lang='lat' dir='ltr'><strong>heresim</strong></span> <span class='ocrx_word' id='word_1_247' title='bbox 1297 3492 1326 3543; x_wconf 84' lang='grc' dir='ltr'><em>Χ</em></span> 
     </span>
     <span class='ocr_line' id='line_1_30' title="bbox 262 3567 1395 3645; baseline 0.009 -26"><span class='ocrx_word' id='word_1_248' title='bbox 262 3567 280 3619; x_wconf 84' lang='lat'>4</span> <span class='ocrx_word' id='word_1_249' title='bbox 303 3568 465 3635; x_wconf 82' lang='lat' dir='ltr'><strong>inpugnator</strong></span> <span class='ocrx_word' id='word_1_250' title='bbox 489 3570 541 3621; x_wconf 82' lang='grc' dir='ltr'><strong>ΦΧ</strong></span> <span class='ocrx_word' id='word_1_251' title='bbox 569 3570 582 3640; x_wconf 87' lang='grc' dir='ltr'><strong>ΙΙ</strong></span> <span class='ocrx_word' id='word_1_252' title='bbox 609 3571 755 3638; x_wconf 83' lang='lat' dir='ltr'><strong>expelletur</strong></span> <span class='ocrx_word' id='word_1_253' title='bbox 776 3573 854 3625; x_wconf 67' lang='grc' dir='ltr'><strong>ΥΦΧ</strong></span> <span class='ocrx_word' id='word_1_254' title='bbox 881 3572 893 3643; x_wconf 84' lang='grc' dir='ltr'><strong>ΙΙ</strong></span> <span class='ocrx_word' id='word_1_255' title='bbox 922 3575 1025 3627; x_wconf 89' lang='lat' dir='ltr'><strong>nutrire</strong></span> <span class='ocrx_word' id='word_1_256' title='bbox 1046 3576 1124 3628; x_wconf 78' lang='grc' dir='ltr'><strong>ΤΦΧ</strong></span> <span class='ocrx_word' id='word_1_257' title='bbox 1151 3576 1163 3645; x_wconf 81' lang='lat' dir='ltr'>ss</span> <span class='ocrx_word' id='word_1_258' title='bbox 1191 3574 1322 3630; x_wconf 88' lang='lat' dir='ltr'><strong>hereticus</strong></span> <span class='ocrx_word' id='word_1_259' title='bbox 1342 3576 1395 3629; x_wconf 71' lang='lat' dir='ltr'><strong>au</strong></span> 
     </span>
     <span class='ocr_line' id='line_1_31' title="bbox 262 3654 1393 3731; baseline 0.009 -26"><span class='ocrx_word' id='word_1_260' title='bbox 262 3668 312 3705; x_wconf 88' lang='lat' dir='ltr'><strong>om.</strong></span> <span class='ocrx_word' id='word_1_261' title='bbox 335 3655 366 3707; x_wconf 84' lang='grc' dir='ltr'><strong>Ψ</strong></span> <span class='ocrx_word' id='word_1_262' title='bbox 464 3655 481 3709; x_wconf 89' lang='grc'><strong>6</strong></span> <span class='ocrx_word' id='word_1_263' title='bbox 504 3654 554 3709; x_wconf 84' lang='lat' dir='ltr'><strong>isrl</strong></span> <span class='ocrx_word' id='word_1_264' title='bbox 570 3657 683 3709; x_wconf 77' lang='grc' dir='ltr'><em>ΣΦΧΨ</em></span> <span class='ocrx_word' id='word_1_265' title='bbox 699 3657 748 3723; x_wconf 77' lang='lat' dir='ltr'><strong>(cic</strong></span> <span class='ocrx_word' id='word_1_266' title='bbox 765 3672 855 3713; x_wconf 82' lang='lat' dir='ltr'><strong>omncs</strong></span> <span class='ocrx_word' id='word_1_267' title='bbox 868 3660 983 3727; x_wconf 82' lang='lat' dir='ltr'><strong>passim)</strong></span> <span class='ocrx_word' id='word_1_268' title='bbox 1012 3659 1024 3728; x_wconf 91' lang='grc' dir='ltr'><strong>ΙΙ</strong></span> <span class='ocrx_word' id='word_1_269' title='bbox 1053 3660 1103 3715; x_wconf 89' lang='lat' dir='ltr'><strong>hoc</strong></span> <span class='ocrx_word' id='word_1_270' title='bbox 1120 3678 1179 3731; x_wconf 87' lang='lat' dir='ltr'><strong>sepe</strong></span> <span class='ocrx_word' id='word_1_271' title='bbox 1198 3664 1238 3729; x_wconf 90' lang='lat' dir='ltr'><strong>(cc</strong></span> <span class='ocrx_word' id='word_1_272' title='bbox 1255 3680 1268 3715; x_wconf 86' lang='lat' dir='ltr'><strong>s</strong></span> <span class='ocrx_word' id='word_1_273' title='bbox 1286 3662 1317 3715; x_wconf 76' lang='lat' dir='ltr'><strong>in</strong></span> <span class='ocrx_word' id='word_1_274' title='bbox 1336 3678 1393 3717; x_wconf 83' lang='lat' dir='ltr'><strong>ros.</strong></span> 
     </span>
     <span class='ocr_line' id='line_1_32' title="bbox 261 3742 1392 3817; baseline 0.009 -26"><span class='ocrx_word' id='word_1_275' title='bbox 261 3755 296 3791; x_wconf 77' lang='lat' dir='ltr'><strong>oa</strong></span> <span class='ocrx_word' id='word_1_276' title='bbox 314 3742 342 3803; x_wconf 85' lang='lat'><strong>2,</strong></span> <span class='ocrx_word' id='word_1_277' title='bbox 360 3743 469 3808; x_wconf 80' lang='lat' dir='ltr'><strong>eprior</strong></span> <span class='ocrx_word' id='word_1_278' title='bbox 485 3742 693 3810; x_wconf 64' lang='lat' dir='ltr'><strong>accedendo</strong></span> <span class='ocrx_word' id='word_1_279' title='bbox 709 3746 787 3811; x_wconf 75' lang='lat' dir='ltr'><strong>mut)</strong></span> <span class='ocrx_word' id='word_1_280' title='bbox 805 3747 833 3797; x_wconf 87' lang='grc' dir='ltr'><em>Σ</em></span> <span class='ocrx_word' id='word_1_281' title='bbox 860 3746 872 3815; x_wconf 84' lang='grc' dir='ltr'><strong>ΙΙ</strong></span> <span class='ocrx_word' id='word_1_282' title='bbox 898 3760 960 3801; x_wconf 86' lang='lat' dir='ltr'><strong>num</strong></span> <span class='ocrx_word' id='word_1_283' title='bbox 978 3745 1016 3817; x_wconf 90' lang='lat' dir='ltr'><strong>et]</strong></span> <span class='ocrx_word' id='word_1_284' title='bbox 1034 3746 1104 3802; x_wconf 85' lang='lat' dir='ltr'><strong>Num</strong></span> <span class='ocrx_word' id='word_1_285' title='bbox 1124 3750 1152 3799; x_wconf 88' lang='grc' dir='ltr'><strong><em>Σ</em></strong></span> <span class='ocrx_word' id='word_1_286' title='bbox 1253 3748 1268 3801; x_wconf 79' lang='grc'><strong>7</strong></span> <span class='ocrx_word' id='word_1_287' title='bbox 1286 3748 1392 3817; x_wconf 88' lang='lat' dir='ltr'><strong>inpium</strong></span> 
     </span>
     <span class='ocr_line' id='line_1_33' title="bbox 261 3825 1394 3903; baseline 0.011 -26"><span class='ocrx_word' id='word_1_288' title='bbox 261 3826 291 3877; x_wconf 93' lang='grc' dir='ltr'><em>Χ</em></span> <span class='ocrx_word' id='word_1_289' title='bbox 307 3825 320 3894; x_wconf 87' lang='grc' dir='ltr'><strong>ΙΙ</strong></span> <span class='ocrx_word' id='word_1_290' title='bbox 339 3826 437 3880; x_wconf 89' lang='lat' dir='ltr'><strong>iherlm</strong></span> <span class='ocrx_word' id='word_1_291' title='bbox 455 3830 484 3880; x_wconf 81' lang='grc' dir='ltr'><em>Χ</em></span> <span class='ocrx_word' id='word_1_292' title='bbox 523 3828 610 3882; x_wconf 87' lang='lat' dir='ltr'><strong>ierl’m</strong></span> <span class='ocrx_word' id='word_1_293' title='bbox 637 3831 668 3882; x_wconf 78' lang='grc' dir='ltr'><strong><em>Ψ</em></strong></span> <span class='ocrx_word' id='word_1_294' title='bbox 766 3830 925 3887; x_wconf 77' lang='lat' dir='ltr'><strong>Stirannns</strong></span> <span class='ocrx_word' id='word_1_295' title='bbox 946 3834 976 3885; x_wconf 79' lang='grc' dir='ltr'><strong>Ψ</strong></span> <span class='ocrx_word' id='word_1_296' title='bbox 1077 3833 1149 3903; x_wconf 81' lang='lat' dir='ltr'><strong>ilph</strong></span> <span class='ocrx_word' id='word_1_297' title='bbox 1170 3836 1197 3887; x_wconf 77' lang='grc' dir='ltr'><em>Ψ</em></span> <span class='ocrx_word' id='word_1_298' title='bbox 1303 3838 1334 3888; x_wconf 90' lang='grc'><strong>11</strong></span> <span class='ocrx_word' id='word_1_299' title='bbox 1354 3838 1394 3889; x_wconf 90' lang='lat' dir='ltr'><strong>is-</strong></span> 
     </span>
     <span class='ocr_line' id='line_1_34' title="bbox 262 3910 1391 3987; baseline 0.01 -25"><span class='ocrx_word' id='word_1_300' title='bbox 262 3910 337 3964; x_wconf 88' lang='lat' dir='ltr'><strong>rahel</strong></span> <span class='ocrx_word' id='word_1_301' title='bbox 364 3914 391 3963; x_wconf 91' lang='grc' dir='ltr'><strong><em>Σ</em></strong></span> <span class='ocrx_word' id='word_1_302' title='bbox 435 3913 491 3966; x_wconf 86' lang='lat' dir='ltr'><strong>ierl&#39;</strong></span> <span class='ocrx_word' id='word_1_303' title='bbox 522 3915 552 3966; x_wconf 77' lang='grc' dir='ltr'><strong><em>Ψ</em></strong></span> <span class='ocrx_word' id='word_1_304' title='bbox 658 3915 692 3969; x_wconf 82' lang='grc'><strong>14</strong></span> <span class='ocrx_word' id='word_1_305' title='bbox 718 3919 841 3985; x_wconf 84' lang='lat' dir='ltr'><strong>pretextu</strong></span> <span class='ocrx_word' id='word_1_306' title='bbox 866 3920 917 3971; x_wconf 80' lang='grc' dir='ltr'><strong>ΣΦ</strong></span> <span class='ocrx_word' id='word_1_307' title='bbox 954 3919 967 3987; x_wconf 85' lang='grc' dir='ltr'><strong>ΙΙ</strong></span> <span class='ocrx_word' id='word_1_308' title='bbox 1003 3920 1089 3987; x_wconf 80' lang='lat' dir='ltr'><strong>specie</strong></span> <span class='ocrx_word' id='word_1_309' title='bbox 1116 3920 1170 3973; x_wconf 83' lang='grc' dir='ltr'><strong>ΦΧ</strong></span> <span class='ocrx_word' id='word_1_310' title='bbox 1278 3922 1310 3975; x_wconf 82' lang='grc'><strong>15</strong></span> <span class='ocrx_word' id='word_1_311' title='bbox 1336 3938 1391 3975; x_wconf 94' lang='lat' dir='ltr'><strong>non</strong></span> 
     </span>
     <span class='ocr_line' id='line_1_35' title="bbox 261 4000 1357 4062; baseline 0.012 -13"><span class='ocrx_word' id='word_1_312' title='bbox 261 4000 353 4051; x_wconf 84' lang='lat' dir='ltr'><strong>auctor</strong></span> <span class='ocrx_word' id='word_1_313' title='bbox 367 4012 419 4052; x_wconf 81' lang='lat' dir='ltr'><strong>om.</strong></span> <span class='ocrx_word' id='word_1_314' title='bbox 437 4002 477 4053; x_wconf 82' lang='grc' dir='ltr'><strong>Χ·</strong></span> <span class='ocrx_word' id='word_1_315' title='bbox 575 4002 608 4054; x_wconf 86' lang='grc'><strong>18</strong></span> <span class='ocrx_word' id='word_1_316' title='bbox 623 4001 693 4055; x_wconf 82' lang='lat' dir='ltr'><strong>tales</strong></span> <span class='ocrx_word' id='word_1_317' title='bbox 710 4004 749 4055; x_wconf 81' lang='grc' dir='ltr'><strong>Φ·</strong></span> <span class='ocrx_word' id='word_1_318' title='bbox 846 4006 879 4059; x_wconf 84' lang='grc'><strong>21</strong></span> <span class='ocrx_word' id='word_1_319' title='bbox 899 4004 1040 4059; x_wconf 74' lang='lat' dir='ltr'><strong>lriercnimi</strong></span> <span class='ocrx_word' id='word_1_320' title='bbox 1058 4008 1134 4059; x_wconf 75' lang='grc' dir='ltr'><strong>ΣΤΦ</strong></span> <span class='ocrx_word' id='word_1_321' title='bbox 1169 4007 1311 4062; x_wconf 89' lang='lat' dir='ltr'><strong>iheronimi</strong></span> <span class='ocrx_word' id='word_1_322' title='bbox 1328 4011 1357 4061; x_wconf 89' lang='grc' dir='ltr'><em>Χ</em></span> 
     </span>
     <span class='ocr_line' id='line_1_36' title="bbox 260 4081 1391 4165; baseline 0.012 -30"><span class='ocrx_word' id='word_1_323' title='bbox 260 4081 382 4137; x_wconf 77' lang='lat' dir='ltr'><strong>imonimi</strong></span> <span class='ocrx_word' id='word_1_324' title='bbox 412 4086 442 4137; x_wconf 77' lang='grc' dir='ltr'><em>Ψ</em></span> <span class='ocrx_word' id='word_1_325' title='bbox 477 4084 490 4155; x_wconf 84' lang='grc' dir='ltr'><strong>ΙΙ</strong></span> <span class='ocrx_word' id='word_1_326' title='bbox 527 4085 631 4140; x_wconf 80' lang='lat' dir='ltr'><strong>iherl’m</strong></span> <span class='ocrx_word' id='word_1_327' title='bbox 657 4090 687 4139; x_wconf 85' lang='grc' dir='ltr'><em>Χ</em></span> <span class='ocrx_word' id='word_1_328' title='bbox 726 4088 813 4143; x_wconf 86' lang='lat' dir='ltr'><strong>ierl&#39;m</strong></span> <span class='ocrx_word' id='word_1_329' title='bbox 844 4092 874 4143; x_wconf 77' lang='grc' dir='ltr'><em>Ψ</em></span> <span class='ocrx_word' id='word_1_330' title='bbox 909 4090 921 4160; x_wconf 86' lang='grc' dir='ltr'><strong>ΙΙ</strong></span> <span class='ocrx_word' id='word_1_331' title='bbox 958 4090 1035 4145; x_wconf 90' lang='lat' dir='ltr'><strong>nobis</strong></span> <span class='ocrx_word' id='word_1_332' title='bbox 1063 4092 1100 4145; x_wconf 83' lang='grc' dir='ltr'><strong>Φ·</strong></span> <span class='ocrx_word' id='word_1_333' title='bbox 1129 4093 1141 4165; x_wconf 82' lang='grc' dir='ltr'><strong>ΙΙ</strong></span> <span class='ocrx_word' id='word_1_334' title='bbox 1174 4093 1391 4162; x_wconf 75' lang='lat' dir='ltr'><strong>accersientibus}</strong></span> 
     </span>
     <span class='ocr_line' id='line_1_37' title="bbox 260 4168 1390 4251; baseline 0.012 -30"><span class='ocrx_word' id='word_1_335' title='bbox 260 4168 400 4223; x_wconf 72' lang='grc' dir='ltr'><em>ΣΝΧΨ</em></span> <span class='ocrx_word' id='word_1_336' title='bbox 481 4173 515 4225; x_wconf 75' lang='grc'><strong>23</strong></span> <span class='ocrx_word' id='word_1_337' title='bbox 532 4173 673 4227; x_wconf 77' lang='lat' dir='ltr'><strong>muscenti</strong></span> <span class='ocrx_word' id='word_1_338' title='bbox 690 4176 762 4241; x_wconf 86' lang='lat' dir='ltr'><strong>(scen</strong></span> <span class='ocrx_word' id='word_1_339' title='bbox 780 4177 812 4231; x_wconf 80' lang='lat' dir='ltr'><strong>io</strong></span> <span class='ocrx_word' id='word_1_340' title='bbox 823 4192 880 4231; x_wconf 83' lang='lat' dir='ltr'><strong>rac.</strong></span> <span class='ocrx_word' id='word_1_341' title='bbox 898 4192 932 4231; x_wconf 82' lang='lat' dir='ltr'><strong>m.</strong></span> <span class='ocrx_word' id='word_1_342' title='bbox 945 4184 973 4245; x_wconf 88' lang='lat'><strong>1)</strong></span> <span class='ocrx_word' id='word_1_343' title='bbox 995 4180 1021 4231; x_wconf 80' lang='grc' dir='ltr'>Ψ</span> <span class='ocrx_word' id='word_1_344' title='bbox 1058 4179 1163 4235; x_wconf 88' lang='lat' dir='ltr'><strong>consedi</strong></span> <span class='ocrx_word' id='word_1_345' title='bbox 1180 4196 1196 4233; x_wconf 88' lang='lat' dir='ltr'><strong>c</strong></span> <span class='ocrx_word' id='word_1_346' title='bbox 1215 4180 1227 4251; x_wconf 83' lang='grc' dir='ltr'><strong>ΙΙ</strong></span> <span class='ocrx_word' id='word_1_347' title='bbox 1248 4180 1390 4251; x_wconf 87' lang='lat' dir='ltr'><strong>pusillani-</strong></span> 
     </span>
     <span class='ocr_line' id='line_1_38' title="bbox 260 4255 1011 4325; baseline 0.015 -18"><span class='ocrx_word' id='word_1_348' title='bbox 260 4255 357 4308; x_wconf 88' lang='lat' dir='ltr'><strong>mitate</strong></span> <span class='ocrx_word' id='word_1_349' title='bbox 378 4255 437 4325; x_wconf 80' lang='grc' dir='ltr'><strong>ΨΙΙ</strong></span> <span class='ocrx_word' id='word_1_350' title='bbox 459 4257 602 4325; x_wconf 85' lang='lat' dir='ltr'><strong>postulatis</strong></span> <span class='ocrx_word' id='word_1_351' title='bbox 620 4260 701 4313; x_wconf 59' lang='grc' dir='ltr'><strong>ΡΧ·</strong></span> <span class='ocrx_word' id='word_1_352' title='bbox 804 4263 839 4316; x_wconf 81' lang='lat'><strong>24</strong></span> <span class='ocrx_word' id='word_1_353' title='bbox 855 4262 943 4317; x_wconf 85' lang='lat' dir='ltr'><strong>heresi</strong></span> <span class='ocrx_word' id='word_1_354' title='bbox 961 4264 1011 4318; x_wconf 83' lang='grc' dir='ltr'><strong>ΣΦ</strong></span> 
     </span>
    </p>
   </div>
   <div class='ocr_carea' id='block_1_6' title="bbox 0 0 1472 4975">
    <p class='ocr_par' dir='ltr' id='par_1_10' title="bbox 0 0 1472 4975">
     <span class='ocr_line' id='line_1_39' title="bbox 0 0 1472 4975; baseline 0 4"><span class='ocrx_word' id='word_1_355' title='bbox 0 0 1472 4975; x_wconf 95' lang='lat' dir='ltr'><strong> </strong></span> 
     </span>
    </p>
   </div>
  </div>
 </body>
</html>
