2934 4975
420 367 594 421 aduersum
614 382 763 437 paganos
785 366 836 421 Vll
864 368 888 421 1.
1158 366 1223 432 433

78 541 232 623 patientia
263 541 403 605 eiusdem
436 539 554 618 obfuit,
589 544 625 605 ut
659 542 732 606 ante
766 558 827 605 non
860 540 972 604 fieret?
1007 538 1121 622 quibus
1155 540 1213 604 sub

79 645 189 709 eodem
210 646 305 709 uerbo
327 644 582 725 respondebitur:
606 647 634 710 si
656 646 814 727 potentiae
830 644 969 722 deorum,
992 660 1068 726 quos
1087 640 1213 724 praedi-

79 749 169 826 catis
187 747 258 824 init,
281 750 317 809 al
331 746 507 812 Romanum
522 748 689 830 imperium
705 752 771 812 tam
787 748 927 831 amplum
942 766 979 813 ac
993 748 1061 811 tam
1077 745 1212 811 sublime

77 852 179 927 lieret,
204 869 258 915 cur
279 850 379 933 igitur
392 850 546 933 patientia
561 853 731 917 eorundem
747 850 859 929 obfuit,
884 854 919 915 ut
934 855 1006 916 ante
1022 868 1084 915 non
1099 851 1212 915 fieret?

56 973 117 1018 ean
148 955 209 1036 ipsi
240 955 284 1018 dii
313 954 453 1018 nondum
484 957 598 1019 erant?
631 976 670 1021 an
702 954 804 1020 adhuc
826 954 925 1020 Roma
946 953 1016 1036 ipsa
1037 972 1098 1017 non
1122 952 1212 1017 erati
1246 960 1263 1013 8

30 1084 33 1088 >
78 1076 119 1121 an
141 1056 191 1121 illi
213 1075 275 1120 non
297 1056 507 1121 colebantur?
536 1076 575 1122 an
598 1058 675 1122 baec
698 1058 831 1121 necdum
852 1056 961 1121 idonea
976 1056 1108 1138 imperio
1125 1053 1212 1118 uidc-

77 1162 194 1225 batur?
227 1158 255 1222 si
283 1159 419 1223 nondum
448 1164 537 1225 erant
565 1160 625 1236 dii,
658 1162 762 1225 cessat
784 1160 936 1240 intentio;
970 1158 1007 1221 ic
1030 1158 1105 1240 quid
1129 1158 1213 1221 onim

77 1265 142 1327 iam
163 1260 211 1325 ibi
234 1280 341 1327 eorum
364 1264 497 1327 discutio
521 1282 651 1341 moram,
675 1263 729 1327 ubi
750 1282 790 1327 ne
812 1262 913 1345 ipsam
937 1260 1064 1344 quidem
1087 1260 1213 1325 inuenio

78 1368 248 1431 naturam?
280 1366 308 1435 si
339 1368 443 1430 autern
472 1368 561 1431 crant
589 1366 650 1443 dii,
680 1370 736 1430 aut
765 1366 907 1449 potentia
935 1382 1060 1442 eorum,
1093 1368 1130 1427 ut
1151 1362 1213 1445 ipsi

46 1470 236 1549 uindicant,
267 1471 323 1533 aut
351 1469 507 1550 patientia
535 1468 570 1533 in
598 1470 689 1551 culpa
716 1473 779 1535 est:
809 1468 861 1533 uel
889 1469 1061 1550 patientia,
1092 1466 1119 1530 si
1142 1465 1212 1543 furit,

79 1576 130 1638 uel
152 1572 303 1654 potentia,
327 1572 355 1637 si
379 1574 488 1638 defuit.
523 1573 588 1650 aut,
612 1574 640 1637 si
662 1574 763 1655 magis
785 1572 938 1637 suadibile
969 1570 1095 1635 uidetur
1118 1570 1213 1633 fuisse
1245 1577 1262 1631 9

77 1682 155 1740 tunc
184 1676 311 1757 quidem
337 1677 428 1754 deos,
464 1674 518 1757 qui
552 1675 723 1757 prouehere
757 1674 949 1757 potuissent,
985 1674 1041 1737 sed
1072 1672 1213 1737 nondum

77 1779 234 1844 exstitisse
257 1779 429 1856 Romanos,
454 1781 507 1860 qui
530 1778 659 1861 prouehi
688 1779 756 1842 iure
789 1780 929 1860 possent,
964 1794 1021 1840 nos
1053 1779 1212 1841 auctorem

76 1903 183 1947 rerum
206 1883 395 1965 potentiam,
419 1901 481 1946 non
503 1883 657 1946 artificem
681 1881 845 1945 scientiam
868 1879 1057 1963 quaerimus.
1092 1880 1130 1944 de
1153 1878 1212 1942 diis

44 1986 208 2068 raquippe,
230 1990 267 2049 ut
290 1987 418 2068 putant,
447 1985 585 2067 magnis,
617 2002 678 2048 non
702 1986 741 2049 de
764 1984 860 2048 labris
882 1982 1046 2047 uilissimis
1070 1982 1211 2063 quaestio

77 2095 135 2165 est,
159 2087 272 2169 quibus
294 2087 353 2152 nisi
377 2089 511 2153 materia
527 2088 666 2165 accedat,
691 2087 869 2151 arscessat.
900 2088 927 2151 si
942 2087 1026 2150 enim
1041 2085 1212 2167 praescisse
1225 2089 1263 2145 10

77 2193 143 2255 illis
165 2208 203 2254 ac
223 2190 361 2255 uoluisse
382 2198 505 2274 praesto
527 2208 649 2274 semper
671 2190 750 2267 fuit,
779 2190 876 2253 immo
903 2187 1007 2253 'etiam
1031 2188 1212 2253 subiacente
1222 2222 1243 2261 p.
1258 2210 1297 2251 aaa

76 2294 299 2375 praescientia,
329 2294 402 2376 quia
424 2297 508 2374 apud
532 2293 795 2375 omnipotentiam
818 2293 856 2355 de
880 2292 1023 2368 operibus
1047 2294 1212 2356 dumtaxat

77 2400 143 2463 suis
165 2397 226 2461 hoc
248 2400 296 2461 est
317 2397 472 2479 praescire
495 2398 577 2479 quod
600 2398 698 2461 nelle:
721 2395 938 2478 quodcumque
960 2394 1041 2459 illud
1058 2397 1212 2477 praescie-

44 2501 182 2579 ebatur,
207 2502 257 2565 cui
272 2501 418 2565 noluntas
442 2499 698 2581 adstipulamur,
722 2518 784 2564 non
807 2499 978 2580 exspectari
996 2499 1135 2580 oportuit
1158 2502 1212 2564 sed

77 2606 193 2679 creari3
225 2606 358 2668 maxime
381 2623 452 2668 cum
476 2605 632 2669 ellonem
649 2602 742 2666 illum
759 2621 850 2666 suum
866 2620 993 2666 aceruos
1009 2601 1213 2665 formicarum

181 2791 368 2832 anmanoaus
410 2777 442 2830 21
469 2775 637 2842 Ionem—p.
655 2774 723 2837 434,
743 2775 756 2827 1
781 2773 871 2826 ferant
889 2787 922 2826 cc
941 2770 1002 2826 ludi
1021 2771 1154 2826 litterarii
1172 2769 1213 2823 dl-

76 2865 201 2933 scipla'm
217 2865 263 2917 acl
279 2880 315 2918 ca
336 2863 534 2933 mythoprapbo
557 2863 653 2930 ipaoto
677 2861 725 2927 (cf.
743 2860 821 2914 uelut
844 2857 924 2914 Ouid.
943 2857 1011 2912 Met.
1030 2861 1055 2920 7,
1075 2859 1212 2925 622eqq.;

77 2953 185 3022 Homo
203 2951 259 3016 fab·
278 2952 327 3016 52)

130 3108 145 3161 1
174 3105 265 3161 obfuit
291 3109 315 3170 (t
337 3106 370 3158 iac
390 3121 446 3158 aas.
469 3121 504 3158 m.
523 3106 594 3172 ant.)
623 3103 651 3161 P
752 3101 769 3154 2
797 3101 932 3170 potentiae
955 3103 1047 3164 (ernau
1065 3104 1088 3165 e)
1116 3100 1144 3155 R

76 3195 93 3248 3
117 3195 161 3264 nt]
180 3191 404 3258 worma)
422 3207 472 3247 om.
492 3189 631 3245 PR¹DW
727 3188 839 3241 4fieret
858 3187 879 3251 (i
896 3203 916 3240 a.
935 3202 956 3239 a.
974 3203 1008 3240 m.
1021 3190 1049 3254 1)
1069 3187 1098 3240 D
1126 3187 1138 3257 ll
1167 3203 1213 3242 cur

77 3279 283 3348 igitur-fierit
302 3279 360 3344 laic)
379 3279 478 3332 omissa
497 3277 608 3332 addidit
626 3276 658 3330 ia
675 3291 728 3344 ηις.
746 3274 801 3338 ius.
819 3291 853 3328 m.
872 3279 888 3328 1
905 3274 935 3328 D
968 3273 980 3344 ΙΙ
1013 3275 1165 3328 eorumdem
1184 3277 1213 3342 (n

76 3365 202 3420 cadeudo
221 3380 254 3418 cx
271 3367 310 3422 ml
334 3364 362 3418 P
407 3379 497 3417 eorum
514 3363 543 3417 D
583 3361 595 3432 ll
633 3359 789 3428 obfuitlem
806 3362 840 3414 ut
861 3359 926 3427 (fuit
944 3375 1027 3414 uersu
1045 3366 1113 3414 extr.
1133 3377 1167 3414 aa.
1186 3365 1212 3428 2,

77 3450 339 3506 ostentantium
356 3455 387 3502 at
399 3449 467 3512 uid.)
487 3449 514 3501 P
615 3447 632 3499 5
649 3446 702 3499 dii*
719 3446 793 3512 (sort.
806 3446 994 3512 interpausatio
1007 3451 1098 3511 erasa)
1117 3444 1145 3499 R

77 3557 94 3606 6
111 3553 270 3608 colabantur
287 3555 326 3609 11ι
346 3552 358 3621 ΙΙ
378 3568 412 3604 an
424 3551 667 3606 baec-uidebatur
684 3566 736 3604 ooo.
754 3548 784 3602 D
804 3548 816 3618 ΙΙ
839 3547 877 3601 ad
894 3529 989 3602 idofiea
1005 3549 1117 3602 notaio
1129 3565 1212 3620 marp.

78 3657 157 3694 eruca
175 3640 203 3694 P
306 3641 423 3692 'lcasoat
440 3638 509 3694 13²6
546 3637 558 3708 ΙΙ
593 3638 632 3706 in]
650 3637 766 3704 scripse}
784 3639 816 3688 ut
834 3633 985 3698 codicem
1019 3634 1053 3688 ad
1073 3637 1179 3690 conta

78 3730 108 3780 at
126 3726 167 3781 cd.
190 3726 271 3780 ibor.
375 3724 460 3792 adii]
480 3724 507 3777 di
524 3723 554 3778 D
574 3722 587 3792 ΙΙ
609 3722 740 3791 potentia]
761 3720 894 3788 pacientia
911 3719 941 3774 D
1046 3720 1077 3774 11
1097 3721 1135 3775 ad
1152 3739 1212 3775 sua·

78 3813 162 3866 dibile
174 3818 241 3866 uota
252 3827 338 3880 uturp.
353 3827 423 3864 eraa.
442 3811 471 3864 P
503 3809 664 3879 analadibile
677 3814 724 3876 (er.
739 3808 767 3870 bl
785 3807 816 3862 D
920 3806 953 3860 13
971 3807 1107 3902 exstitislse
1121 3811 1212 3876 (erasa

79 3920 103 3976 s)
121 3916 149 3970 a
252 3899 453 3984 14peaenc1a1b
473 3916 495 3979 l·
515 3913 562 3966 aa.
575 3915 621 3976 m.)
638 3912 667 3967 a
686 3912 698 3981 p
719 3910 751 3964 re
769 3911 830 3980 uris]
849 3911 954 3964 dedisse
971 3909 1001 3964 D
1022 3909 1034 3980 p
1055 3909 1096 3962 aa
1115 3911 1136 3977 li
1154 3925 1174 3963 e.
1190 3925 1211 3964 e.

79 4035 114 4071 m.
132 4025 203 4081 mat.)
222 4017 250 4072 P
349 4017 383 4071 15
400 4016 518 4085 magnis]
535 4017 623 4083 magis
640 4015 671 4069 D
776 4016 808 4069 16
826 4014 865 4068 ad
876 3995 990 4069 milesia
1003 4013 1114 4067 colaia
1127 4027 1212 4080 marp.

80 4120 160 4158 “aaa
178 4104 206 4159 P
227 4104 240 4174 ΙΙ
262 4105 393 4172 praecisae
410 4103 441 4157 D
543 4102 586 4158 20.
596 4102 805 4171 astipularetur
823 4103 913 4168 (crasa
932 4101 960 4164 d)
979 4099 1007 4154 R
1030 4098 1043 4169 ΙΙ
1066 4099 1211 4166 exspectari
1248 4095 1262 4120 ⁸

80 4194 170 4258 (cruca
186 4194 210 4253 s)
229 4191 258 4244 R
303 4189 436 4259 expectari
456 4195 511 4255 (-re
529 4187 568 4252 D)
588 4187 643 4241 PD
748 4187 781 4240 21
804 4187 895 4241 Iouem
914 4186 939 4255 (Ι
957 4186 989 4238 irc
1007 4201 1063 4238 ras.
1082 4201 1116 4238 m.
1136 4189 1211 4246 ant,-

79 4276 136 4342 fuit
153 4278 175 4340 i)
194 4277 223 4330 P

194 4379 225 4433 V.
1083 4372 1118 4426 28
