2934 4975
395 398 496 453 Liber
520 400 757 469 apologeticus
783 399 886 455 20.21.
1142 401 1204 467 637

67 575 99 637 et
121 572 234 636 Petrus
270 571 427 653 apostolus
460 572 608 637 admouet
639 572 763 637 diceus:
797 572 1046 655 recipientes
1077 575 1198 642 linem

65 675 165 741 lidei
188 675 364 751 uestrae,
386 674 558 740 salutem
580 676 805 741 animarum.
828 676 872 741 dc
894 696 966 759 qua
987 681 1119 745 salute
1141 698 1198 745 ex·

64 778 293 860 quisierunt
322 782 440 861 atque
470 780 645 843 scrutati
674 782 765 844 sunt
794 779 1026 862 prophetae,
1062 782 1128 865 qui
1152 784 1196 847 de

64 882 201 947 future
233 880 272 946 in
305 895 374 947 uos
407 882 540 965 gratia
571 881 642 948 Dei
676 882 1035 964 prophetauerunt.
1070 904 1105 949 ex
1136 903 1196 966 quo

44 984 300 1049 renidentissime
332 984 526 1050 declaratum
559 987 620 1063 est,
656 986 774 1051 nemini
809 985 972 1051 hominum
998 987 1057 1052 Dei
1091 988 1196 1055 deesse

63 1086 272 1166 adiutorium,
305 1086 491 1170 praesertim
520 1106 590 1154 oum
615 1092 646 1153 et
668 1089 812 1155 seductor
842 1089 971 1155 insistet
993 1090 1024 1155 et
1046 1090 1123 1157 insit
1145 1092 1196 1156 in·

63 1188 206 1255 firmitus.

106 1290 243 1359 Confusa
265 1294 476 1376 euacuataque
499 1292 656 1359 calumnia
677 1297 724 1359 est
746 1296 829 1360 caeci
851 1297 1027 1380 arguentis,
1058 1296 1112 1379 qui
1134 1297 1225 1363 aitzl

63 1394 154 1461 ‘forte
175 1396 211 1460 tu
233 1394 292 1461 Dei
314 1395 503 1462 adiutorium
525 1397 653 1480 negas?
684 1398 749 1477 sed,
773 1400 918 1481 quoniam
937 1401 975 1466 de
990 1399 1045 1465 Iob
1062 1401 1194 1467 fecimus

33 1500 255 1564 nementiouem
284 1500 316 1563 et
342 1500 493 1582 superiori
524 1500 704 1565 testimonio
730 1520 892 1567 recensum
919 1505 968 1567 est
990 1503 1124 1569 Domino
1146 1504 1195 1568 di·

64 1604 152 1667 cente
173 1601 281 1667 homo
303 1602 386 1667 sine
402 1602 964 1683 crimine‚ueraxDeioultor‚
987 1605 1193 1673 abstinens

64 1724 103 1770 se
125 1707 173 1771 ab
194 1708 296 1771 omui
320 1707 420 1771 malo
437 1744 477 1755 -
493 1708 574 1773 solet
595 1712 677 1773 enim
701 1726 721 1773 a
743 1709 829 1775 uobis
853 1708 1031 1791 saepissime
1055 1709 1223 1777 dictitaris

64 1808 317 1892 adprobandum
345 1810 502 1875 hominem
531 1811 598 1875 sine
627 1812 752 1894 peccato
782 1830 871 1894 posse
894 1831 970 1893 esse,
993 1813 1192 1895 quiescerit,

63 1912 122 1978 hoc
153 1917 215 1990 est,
248 1912 322 1995 quie
343 1915 376 1978 et
397 1913 453 1979 Iob
487 1914 667 1979 testimonio
689 1914 748 1979 Dei
777 1916 869 1981 homo
898 1916 964 1983 sine
994 1917 1124 1983 crimine
1147 1920 1194 1981 est

33 2015 165 2083 udictus
198 2018 231 2081 et
253 2034 347 2081 uorax
379 2020 412 2081 et
434 2016 601 2082 Zacharias
634 2018 719 2083 sius
751 2018 934 2100 querella
967 2021 1000 2083 in
1032 2021 1193 2102 euangelio

63 2120 214 2201 probatus
235 2120 410 2184 ostenditur
425 2143 484 2185 -ε
509 2119 589 2185 dixit
603 2121 756 2186 Dominus
771 2123 810 2186 de
824 2122 880 2188 Iob
896 2124 1006 2188 homo
1021 2122 1104 2189 siue
1120 2122 1192 2188 cri·
1205 2131 1222 2184 6

64 2223 181 2302 mine,
205 2222 356 2305 numquid
372 2223 451 2289 dixit
472 2218 551 2289 ‘eine
572 2213 733 2306 peccato'i
756 2230 917 2307 peccatmn
939 2224 1024 2291 enim
1045 2226 1193 2308 cogitatio

63 2328 205 2409 concipit,
229 2325 347 2392 crimen
370 2345 443 2392 uero
463 2346 523 2393 non
547 2328 609 2393 nisi
630 2329 718 2393 actus
733 2328 881 2395 ostendit.
919 2346 984 2395 esse
1000 2329 1094 2398 etiem
1109 2330 1194 2393 sine

63 2429 240 2513 querella
267 2447 372 2496 eorum
395 2431 566 2514 cognitioni
588 2432 766 2515 iudicioque
788 2432 995 2511 adscribitur,
1026 2433 1137 2516 quibus
1160 2432 1194 2498 in

34 2537 208 2616 inpromptu
241 2538 304 2614 est,
338 2535 372 2599 in
404 2535 483 2601 facie
518 2536 642 2618 quidem
672 2538 947 2604 mansuetudinem
976 2537 1113 2619 aspicere
1138 2537 1193 2601 sed

64 2637 166 2702 cordis
188 2636 272 2702 bella
294 2640 422 2704 nescire.
456 2639 538 2704 uude
561 2643 593 2703 et
615 2640 732 2705 Paulus
763 2640 954 2706 confidenter
976 2639 1065 2706 iubet
1087 2638 1220 2704 dioensl

63 2741 224 2822 oportet
253 2744 354 2805 enim
383 2743 606 2825 episcopum
629 2743 715 2806 siue
736 2742 901 2808 crimine
925 2761 1039 2819 esse;.
1062 2742 1094 2806 et
1115 2742 1193 2807 alibi

63 2843 207 2926 generale
242 2843 296 2910 dat
331 2845 547 2911 testimonium
570 2843 740 2910 Corinthiis
774 2848 867 2928 atque
899 2847 1030 2911 adserit:
1065 2845 1122 2910 ita
1152 2848 1192 2908 ut

63 2962 134 3010 uon
167 2945 387 3029 indigeatis
419 2947 461 3012 iu
495 2948 577 3013 ulle
610 2949 759 3031 gratia,
797 2952 1053 3032 expectantes
1086 2966 1191 3012 reue-

33 3048 256 3114 elatlonem
282 3051 442 3116 Domini
473 3052 602 3117 nostri
625 3053 715 3117 Iesu
738 3051 906 3118 Christi:
941 3052 1006 3134 qui
1037 3055 1075 3116 et
1106 3069 1192 3116 con·

164 3256 618 3322 evonenuslPet.1,1,9et10
701 3257 732 3310 11
747 3255 797 3310 lob
810 3259 863 3321 1‚8
945 3255 977 3309 15
989 3255 1057 3310 Luc.
1071 3260 1123 3318 1,6

63 3339 247 3406 Mitt?
350 3341 668 3406 resonemus

113 3529 239 3598 lliuem]
259 3529 346 3584 We
389 3529 468 3584 tidem
485 3531 603 3582 ZWX
703 3531 940 3587 beuidentissimo
959 3533 1044 3583 ΥΦΧ·
1066 3531 1078 3600 ΙΙ
1102 3529 1190 3584 deesse

64 3617 139 3671 deio
186 3676 193 3691 ,
224 3617 300 3670 cece
312 3615 445 3670 calumnia
462 3633 479 3671 o
498 3616 511 3688 ΙΙ
531 3618 585 3672 ceci
603 3619 655 3670 ΣΦ
746 3617 778 3673 10
789 3619 826 3686 et]
840 3617 959 3671 dicemus
972 3615 1042 3687 quod
1055 3619 1083 3669 et
1100 3616 1148 3670 Ψυ
1168 3615 1180 3686 ΙΙ

63 3703 98 3757 cd
108 3719 222 3758 ursam
238 3717 313 3756 ·nem
324 3702 509 3757 et-diceuto
521 3704 553 3758 ia
570 3719 655 3772 moro.
669 3720 704 3760 m.
717 3709 749 3758 ec
766 3701 854 3758 eid.1
871 3703 960 3756 edoce.
980 3709 1020 3756 eet
1037 3717 1113 3758 noue
1126 3705 1191 3768 (mo-

62 3797 149 3860 eopr.)
161 3789 199 3843 od
212 3790 395 3844 testimoniam
405 3788 470 3855 fort.
483 3795 609 3858 epectasis
619 3792 647 3841 X
665 3791 678 3860 ss
696 3789 842 3858 recensum]
862 3789 941 3840 m
974 3795 1108 3843 reeensdee
1120 3790 1157 3841 di²

61 3875 195 3930 recensitit
206 3877 242 3926 0¹
253 3881 286 3930 ut
296 3876 366 3940 aid,
380 3893 397 3930 o
495 3875 527 3929 12
539 3876 616 3930 uobis
629 3881 726 3943 (capro
739 3876 899 3944 uicissetque
911 3889 974 3938 rae,
993 3875 1192 3930 emendationis

62 3967 91 4013 at
107 3961 183 4028 uid.;
210 3961 243 4014 ies
260 3977 345 4032 marp.
362 3967 428 4024 rae.)
458 3961 489 4012 Ψ
590 3962 623 4015 14
649 3962 693 4015 dei
719 3978 769 4015 om.
801 3961 831 4012 Ψ
933 3961 965 4015 15
991 3964 1019 4015 ct
1046 3961 1190 4030 eucherius]

63 4046 197 4100 zacharias
224 4047 253 4098 Σ
286 4047 300 4119 ΙΙ
333 4049 440 4115 querele
466 4047 593 4099 ΣΧΨΨΡ1
645 4047 759 4116 querula
788 4047 837 4098 Ψ·’
871 4046 883 4117 ΙΙ
916 4047 1074 4115 euuangelio
1101 4049 1126 4097 l*

64 4130 95 4184 16
112 4131 270 4186 ostendetur
290 4134 321 4183 Ψ
407 4133 438 4186 ll
455 4134 577 4202 nunquid
597 4133 628 4185 Ψ
717 4135 749 4188 19
768 4135 875 4203 querele
893 4134 999 4186 ΣΧῬΨ
1016 4134 1029 4203 ΙΙ
1049 4132 1191 4188 accubitor

63 4217 120 4269 ΧΨ
219 4218 254 4272 20
271 4223 426 4288 promptum
443 4221 512 4272 ΤΧ·
611 4221 646 4274 21
673 4220 763 4275 cordas
791 4223 825 4272 Y¹
928 4222 961 4275 23
979 4221 1074 4274 asserit
1094 4219 1124 4270 Ψ

64 4303 98 4356 24
113 4304 141 4356 in
160 4303 228 4373 ulle]
246 4305 350 4357 ΣΝΧ
383 4306 440 4360 ulle
459 4307 509 4360 Ψο
