2934 4975
412 362 512 418 Liber
533 364 775 433 apologeticus
800 366 906 425 2526.
1160 374 1224 441 645

87 535 247 617 plenum
284 534 440 619 gratiae
477 539 515 598 et
551 534 750 601 ueritatis.
796 541 864 620 qui
899 544 1105 621 peecatum
1141 562 1215 609 nou

87 638 202 717 feeit,
236 656 305 702 neo
336 638 602 703 inuentus.set
626 639 740 705 dolus
762 638 799 705 in
822 659 885 706 oro
908 643 1007 724 eins,
1042 647 1095 729 qui
1123 647 1213 713 tam-

87 760 200 823 quam
232 758 355 823 agnus
388 756 520 806 eoram
554 743 744 809 tondente
776 746 833 809 sio
861 763 937 811 non
968 750 1152 831 aperiens
1175 768 1215 815 os

88 862 215 923 snum,
239 863 311 909 oum
332 844 511 927 flagellatus
526 845 689 911 emoiiixns
706 848 738 910 et
753 846 907 913 mortuus
922 851 980 929 est,
1004 851 1057 933 qui
1072 853 1246 929 aouleump.
1262 878 1303 920 oo

66 947 199 1012 emortis
232 948 385 1027 edomuit,
419 947 473 1031 qui
500 950 672 1015 amortuis
700 950 887 1029 resurrexit,
921 958 986 1035 qui
1016 957 1215 1039 captiuam

89 1049 237 1115 duoens
271 1054 559 1135 eaptiuitatem
597 1053 739 1119 aseendit
773 1054 807 1119 in
841 1055 951 1121 eaelos.
987 1056 1039 1123 hio
1068 1060 1115 1124 est
1143 1062 1244 1125 uui-t

88 1154 215 1238 genitos
235 1156 382 1238 inpatre,
404 1157 692 1241 primogenitus
714 1156 753 1221 in
774 1156 918 1222 multis
940 1158 957 1222 1
964 1160 1154 1238 ratribus;
1177 1164 1217 1227 in

89 1276 163 1340 quo
192 1263 252 1323 est
282 1261 405 1325 omnis
435 1261 647 1345 plenitudo
669 1258 911 1326 diuinitatis
935 1264 1217 1344 eorperaliter.

88 1361 142 1425 bio
164 1380 235 1445 ergo
257 1364 409 1430 Dominus
425 1364 577 1442 Christus,
600 1363 661 1442 bie,
684 1364 821 1447 inquam,
844 1364 928 1431 filius
949 1365 1019 1445 Dei,
1043 1368 1076 1431 in
1099 1366 1219 1431 uirtute

59 1463 195 1530 oPatris
218 1467 251 1530 et
271 1466 373 1549 gloria
393 1487 472 1551 qnae
487 1469 520 1533 in
535 1466 689 1550 principie
705 1468 845 1533 condidit
860 1470 891 1532 et
907 1469 1041 1533 redemit
1055 1468 1088 1533 in
1104 1468 1217 1544 medio,

90 1565 187 1631 etiam
208 1570 241 1634 in
263 1569 434 1635 nouissimo
460 1569 624 1635 indicabit.
1265 1630 1270 1637 .

72 1694 85 1755 g
132 1669 245 1751 Itaque
266 1674 340 1753 post
362 1673 570 1739 uenditionem
599 1672 779 1751 uniuersae,
810 1690 888 1755 quae
909 1674 1082 1741 seeundum
1104 1677 1218 1743 uolun·
1228 1681 1269 1743 16

89 1775 189 1838 tatem
212 1774 277 1839 eius
298 1776 414 1854 extitit,
437 1777 601 1842 ornationis
626 1776 797 1858 conpositis
815 1778 942 1842 modum
958 1777 1051 1844 rebus
1068 1780 1218 1863 inposuit,

90 1879 127 1939 nt
149 1878 232 1959 qnod
254 1878 404 1945 rationale
434 1880 553 1945 iaotum
582 1879 687 1945 fuerat
709 1880 831 1945 ratione
853 1881 1058 1959 subsisteret,
1081 1886 1113 1948 et
1136 1884 1218 1965 quod

60 1982 191 2048 olibero
212 1982 346 2047 donarat
368 1983 508 2061 arbitrie,
531 2002 570 2049 ne
584 1983 619 2048 in
641 1984 803 2049 lieentiam
823 1983 1008 2065 perditionis
1031 1988 1218 2064 excurreret,

91 2086 250 2169 praecepti
271 2088 340 2168 lege
362 2086 539 2153 restrinxit:
561 2089 597 2151 ut
620 2104 693 2151 enm
711 2090 854 2151 ereatura
869 2090 1039 2153 creatorem
1054 2090 1086 2153 et
1100 2087 1248 2155 dominia

91 2189 207 2254 donum
240 2192 423 2272 agnosceret
450 2192 483 2253 et
514 2188 672 2272 praecepti
704 2188 931 2267 stabilitatem,
963 2189 998 2254 in
1027 2190 1219 2257 sobieotiooe

91 2292 196 2374 lapsus
219 2292 399 2357 libertatem
421 2294 612 2376 prospiciens
636 2294 677 2358 ad
691 2293 750 2357 boe
764 2295 891 2359 tantum
912 2292 980 2375 ipse
1002 2292 1150 2359 libertate
1172 2294 1221 2359 uti

93 2396 203 2475 nesset,
238 2398 276 2460 ut
296 2415 352 2479 per
377 2414 445 2461 eam
479 2397 646 2463 semitium
680 2416 740 2480 qno
773 2401 934 2480 regeretur
966 2397 1096 2481 eligeret
1126 2398 1221 2482 digno

60 2500 217 2568 obabitus
239 2501 364 2578 iudioio,
387 2505 423 2566 nt
439 2521 476 2567 ex
490 2503 637 2585 prudenti
655 2502 807 2567 seruitute
825 2501 1048 2582 defensionem,
1072 2519 1107 2567 ex
1122 2501 1223 2566 libera

93 2604 255 2669 uoluntate
277 2606 448 2670 mereretur
470 2607 655 2689 mereedem,
682 2605 887 2670 confirmante
909 2604 1060 2687 apostolo,
1085 2607 1137 2687 qui
1154 2607 1221 2670 ait:

92 2708 125 2770 si
147 2707 249 2771 enim
270 2707 408 2772 uolens
430 2708 499 2772 boo
520 2725 605 2792 ago,
628 2708 844 2773 mercedem
867 2707 996 2773 babeo.
1021 2708 1139 2790 ‘fiant
1161 2707 1250 2772 duos

91 2808 262 2876 luminaria
289 2812 412 2894 magna’
440 2812 636 2892 omnipotens
657 2809 743 2875 Deus
766 2809 845 2875 dixit
867 2811 899 2875 et
920 2809 1003 2875 faota
1025 2813 1108 2886 sont,
1132 2827 1221 2891 prae-

92 2913 248 2996 repitque,
283 2912 321 2977 ut
352 2914 493 2980 diuidant
520 2914 603 2979 diem
631 2931 668 2979 ao
701 2913 825 2979 noctem
858 2914 890 2977 et
918 2913 982 2978 sint
1014 2912 1048 2978 io
1080 2911 1170 2996 signa
1192 2916 1223 2976 et

193 3111 335 3153 armenas
371 3103 385 3151 1
404 3100 509 3167 qni-2
526 3101 584 3152 eins
602 3099 679 3154 Petr.
697 3104 721 3163 1,
734 3102 763 3164 2,
777 3102 818 3153 22
907 3100 1134 3169 immonem-4
1146 3113 1222 3151 sunm

93 3183 160 3238 lsai.
180 3186 258 3250 53,7
361 3185 495 3254 dpreo.
513 3189 575 3250 ds
673 3186 787 3243 onon.
807 3192 834 3251 8,
852 3190 887 3243 29
912 3186 924 3256 ΙΙ
946 3186 1105 3255 inqnosqq.
1125 3183 1223 3239 Ootoee.

93 3273 120 3336 2,
138 3273 157 3324 9
261 3271 296 3324 22
317 3271 921 3341 dor.1,9,17nomo-p.646,1annos
942 3269 1011 3326 Gon.
1030 3275 1054 3334 1,
1073 3274 1143 3325 rdet
1156 3274 1190 3324 16

142 3423 292 3493 lusatiae]
311 3425 412 3477 mx
454 3425 543 3493 gratia
563 3426 594 3476 Ψ
634 3425 757 3496 gloriae
781 3427 793 3496 ΙΙ
819 3425 1000 3495 dentatis12
1044 3424 1159 3478 ueritate
1177 3424 1224 3475 m

92 3510 172 3566 ΧΨυ
274 3512 492 3579 amoqmmx
592 3511 773 3582 briolset
805 3512 817 3582 ΙΙ
849 3512 956 3582 apernit
981 3512 1012 3563 Ψ
1112 3509 1223 3578 doum]

92 3595 139 3664 qui
156 3597 197 3648 2¹
220 3597 234 3666 ΙΙ
255 3596 390 3650 aonuleum
408 3598 436 3649 Χ
533 3598 700 3666 tinpatre]
719 3599 829 3666 epatre
850 3597 880 3648 Ψ
980 3597 1014 3652 12
1033 3595 1224 3664 uenditionem]

93 3681 204 3734 ΣῬΧΨ
236 3681 453 3737 eondieionemd
545 3683 578 3737 1³
590 3682 696 3738 exstitit
709 3682 740 3733 Ψ
758 3683 771 3752 ΙΙ
790 3680 944 3750 compositis
958 3682 989 3733 Ψ
1022 3681 1225 3750 oompositionis

92 3767 152 3838 obp
180 3767 193 3838 ΙΙ
220 3767 348 3835 imposuit
374 3769 403 3820 Ψ
506 3770 540 3824 14
561 3768 651 3823 fuerat
674 3771 700 3836 (a
720 3783 756 3823 eu
774 3768 784 3819 i
802 3773 884 3835 corr.)
910 3768 940 3819 Ψ
1044 3767 1076 3821 16
1100 3765 1226 3821 retrinxit

93 3853 134 3904 Σ·
156 3852 169 3922 ΙΙ
191 3857 312 3907 creatum
328 3871 380 3909 oon.
398 3855 426 3906 Σ
454 3854 466 3924 ΙΙ
495 3858 670 3910 „creatorem
689 3857 810 3924 (masam
828 3853 905 3922 6)Φ
1011 3851 1042 3907 li
1060 3851 1225 3908 subiectione

94 3941 122 3992 Σ
223 3941 257 3995 16
274 3939 454 3994 alibertatem
472 3945 551 4008 (eron
570 3941 610 4008 in)
629 3942 653 3992 Φ
674 3940 688 4009 u
711 3940 839 3994 libertate
856 3939 914 4008 ipra
934 3939 966 3991 Ψ
1068 3939 1101 3993 19
1118 3953 1225 4007 regene-

94 4027 167 4079 retur
190 4027 265 4078 Μ
363 4027 400 4081 20
421 4028 637 4092 ubertates.
656 4025 804 4082 matuta.
823 4027 895 4094 2)Φ
929 4025 941 4097 ΙΙ
975 4041 1007 4079 er
1025 4024 1118 4093 libers]
1137 4025 1177 4077 ita
1195 4039 1225 4078 ex

94 4110 177 4165 libera
193 4129 211 4166 o
297 4113 330 4167 21
343 4113 656 4182 mereretnrmeroedem]
675 4113 704 4164 Σ
738 4113 885 4168 mereedem
897 4113 1022 4167 ΝΧΨυ
1111 4109 1225 4164 mant

94 4197 154 4266 dno]
171 4199 270 4266 scripsi
305 4199 358 4253 duo
374 4199 478 4254 oodieos
495 4205 521 4254 ct
539 4199 600 4254 odd
704 4199 740 4254 26
757 4213 856 4269 magna
873 4199 1019 4254 luminaria
1037 4197 1093 4250 W
1120 4195 1133 4266 ΙΙ
1161 4195 1226 4250 deus

95 4299 141 4338 on.
159 4285 188 4336 Σ
211 4284 224 4353 ΙΙ
245 4285 415 4354 precepitque
433 4287 457 4337 Φ
559 4284 594 4339 24
611 4285 701 4355 signo]
719 4285 824 4354 signem
842 4287 868 4337 T
