2934 4975
229 329 295 396 572
550 325 650 380 Penii
667 325 784 382 Orosii
802 325 1033 382 Historiarum

237 503 319 566 XIII.
342 503 384 565 lle
413 504 546 580 Philippo
578 503 781 579 potentissimo
814 521 883 581 rege
913 503 1110 579 Macedonum,
1138 505 1188 580 qui
1218 506 1367 568 (ireeciem

339 607 511 684 proeliorum
544 623 660 668 suorum
691 607 800 670 uirtute
834 609 986 681 queeeeuit
1013 609 1043 669 et
1074 608 1174 684 plures
1202 609 1367 684 prouinciae

340 712 433 787 ipsius
465 711 662 773 nobilissimos
695 711 830 772 ciuitetoe
862 709 927 772 dolo
956 713 1057 786 coptus
1087 713 1118 772 et
1146 711 1310 774 hominibus
1337 714 1368 772 et

336 814 440 890 opibus
461 813 608 874 euomuit.
633 810 690 892 [12
704 821 721 882 ξ
737 815 766 888 1]

237 936 334 998 ΧΙΠΙ.
356 935 437 1008 Quod
458 934 534 994 idem
556 936 674 995 obsesso
688 933 827 1010 Byzantio
842 934 955 1010 Scythis
969 935 1076 996 ullum
1098 933 1239 1006 intulerit,
1262 953 1280 995 e
1301 933 1366 1010 qui·
1389 955 1403 994 s

340 1039 394 1098 bus
427 1039 543 1112 sumpte
575 1036 697 1098 uictoris
729 1037 797 1097 dnm
830 1038 939 1098 rediret
965 1036 1103 1098 Triballis
1136 1037 1240 1099 obuius
1272 1037 1367 1098 tuctus

338 1142 470 1216 belloque
507 1157 678 1217 conpressos
708 1141 741 1201 in
773 1141 836 1216 ipso
873 1140 961 1201 fuerit
997 1142 1153 1203 certamine
1185 1141 1365 1202 uulneratus.

340 1244 396 1321 [18
411 1252 427 1313 o
443 1246 472 1319 1]

254 1349 315 1410 xv.
338 1349 381 1409 De
415 1347 542 1410 eiusdem
564 1345 694 1422 Philippi
721 1345 914 1422 prosperitate
937 1346 1083 1419 motoriee,
1105 1363 1192 1421 quom
1214 1346 1249 1408 de
1271 1347 1367 1408 Atho·

338 1450 484 1514 niensilrne
510 1449 742 1511 Iocedoemoniis
770 1467 804 1512 oc
826 1449 986 1527 Thetidis,
1021 1452 1056 1512 sd
1090 1450 1223 1512 ultimum
1254 1450 1403 1513 cdcstoo

338 1555 466 1632 ipsorum
487 1553 603 1614 urbium
616 1552 773 1628 dominatu,
795 1553 1028 1614 cruentissimam
1051 1554 1137 1629 oepit,
1161 1554 1192 1616 et
1208 1554 1285 1629 quod
1301 1569 1367 1614 mox

338 1661 405 1718 dum
426 1659 456 1718 in
479 1659 585 1718 Perses
607 1656 715 1718 bellum
737 1655 853 1717 molitur
875 1655 999 1717 interiit
1027 1657 1082 1733 [13
1098 1664 1114 1726 5
1128 1658 1159 1733 e]

236 1778 313 1840 xvl.
336 1778 379 1840 De
400 1776 513 1840 infelici
535 1777 796 1838 condormitione
817 1779 1020 1854 congressione
1034 1779 1235 1854 Romeuornm,
1251 1779 1366 1854 quondo

337 1881 374 1943 ed
400 1881 543 1944 (leudinus
576 1881 707 1942 furculos
741 1881 811 1942 uicti
844 1881 982 1956 missique
1015 1882 1071 1944 sub
1104 1881 1203 1956 iugum
1224 1884 1302 1958 sunt,
1336 1887 1367 1944 et

336 1985 449 2062 Papirii
477 1985 624 2058 consulis,
657 1985 773 2047 euoluto
802 2002 893 2058 euno,
928 1985 963 2048 de
993 1984 1079 2048 uictis
1101 1985 1209 2048 eisdem
1231 1985 1403 2050 hostibusne

336 2089 558 2164 subiugetieque
580 2089 711 2150 uictoris.
737 2092 793 2165 [15
808 2097 824 2158 t
839 2090 869 2164 2]

234 2208 329 2270 XVII.
352 2210 395 2270 ile
409 2209 564 2271 Alexandri
579 2211 689 2285 llegui,
712 2211 762 2286 qni
784 2211 862 2287 petri
879 2209 1014 2286 Philippo
1036 2210 1177 2272 succeseit
1191 2212 1220 2272 in
1235 2227 1365 2286 regnum,

336 2312 494 2374 untutibus
526 2331 561 2373 ec
592 2314 764 2390 triumphis,
798 2331 868 2389 quoe
901 2315 937 2376 de
966 2315 1088 2375 Perside
1119 2316 1206 2389 utque
1234 2313 1365 2390 Aegypto

338 2412 461 2491 aliisque
483 2416 642 2492 prouinciis
656 2418 731 2478 mire
744 2419 775 2478 et
788 2416 875 2479 celeri
891 2416 1032 2478 felicitate
1047 2418 1213 2495 promeruit.
1237 2413 1294 2497 [16
1306 2424 1321 2488 5
1335 2415 1365 2498 1]

234 2532 341 2595 xvlfl.
365 2536 446 2607 Quod
467 2538 608 2611 praedicti
630 2539 709 2613 rogis
730 2536 924 2614 temporibus,
953 2538 1041 2600 etiem
1074 2555 1129 2615 quo
1152 2554 1285 2600 messene
1307 2538 1401 2615 ipeiso

336 2655 396 2700 non
417 2639 529 2714 potnit,
552 2642 693 2716 sunguine
713 2641 886 2716 proeliorum
908 2643 990 2702 totus
1017 2656 1110 2717 poene
1132 2639 1218 2702 Orbis
1243 2641 1365 2702 incoluit

336 2743 369 2803 iu
390 2744 515 2822 tentum,
537 2745 571 2804 ot
592 2743 696 2819 Agidis
717 2744 941 2807 Lmsdoemonii
970 2744 1048 2821 regis
1074 2744 1105 2805 in
1127 2744 1266 2819 Graecis,
1294 2746 1363 2808 Ale·

337 2846 440 2907 xendri
461 2846 544 2922 lipiri
566 2848 644 2922 regis
666 2848 696 2908 in
716 2848 856 2922 Irucenie,
879 2848 1048 2925 Zopysienie
1070 2847 1211 2923 preelecti
1226 2848 1310 2909 Ponti
1333 2848 1364 2909 in

335 2948 454 3025 Scythis
476 2952 561 3026 plure
582 2950 662 3013 belle
684 2955 713 3011 et
734 2950 837 3026 grenio
858 2954 1036 3027 gererentur.
1061 2951 1117 3027 [18
1133 2950 1208 3027 51]-

232 3067 505 3144 xv1111.1>eeis,
539 3087 613 3147 queo
642 3074 795 3133 edoonmm
828 3074 943 3147 genum
973 3070 1110 3132 Indorum
1137 3070 1213 3131 idem
1240 3069 1399 3149 nogueres

336 3172 501 3235 Alexander
520 3174 689 3236 terribiliter
710 3175 814 3251 gessit,
838 3172 1019 3250 qualiterque
1041 3174 1174 3235 omnibus
1195 3189 1287 3251 poene
1310 3190 1363 3249 pc-

334 3275 412 3351 pnlis
435 3276 563 3337 Orientis
585 3278 744 3353 oppressis,
773 3280 840 3339 dum
871 3278 909 3339 ed
930 3280 1089 3339 extremum
1112 3276 1291 3355 Bsbylonsm
1314 3294 1363 3339 re-

334 3396 451 3455 gressus
484 3379 585 3441 mundi
618 3382 709 3444 totius
743 3380 906 3456 legationes
934 3380 1092 3457 exceperit,
1127 3396 1235 3443 ueneno
1257 3381 1363 3443 teneto

334 3483 408 3543 clem
430 3500 518 3559 puero
541 3485 675 3547 tredente
697 3484 845 3547 defecerii.
874 3482 930 3561 [18
945 3491 961 3553 c
975 3484 1022 3579 cl

283 3718 297 3770 1
316 3719 432 3788 grscim
536 3718 696 3775 otiosulio
714 3718 837 3789 schythie
941 3719 960 3773 6
983 3717 1101 3773 uictoris
1127 3718 1141 3789 u
1169 3717 1293 3773 trebellin

230 3803 396 3859 9uicturiee
482 3805 516 3863 10
532 3804 752 3861 leoedeenuouies
839 3806 873 3860 11
891 3804 986 3875 eoepit,
1004 3804 1039 3872 es.
1054 3804 1128 3861 Oros.
1141 3808 1168 3870 3,
1181 3804 1217 3860 14
1225 3804 1318 3875 princ.
1340 3803 1353 3873 ΙΙ

230 3892 259 3944 st
274 3904 335 3944 mox
440 3892 473 3948 13
497 3891 596 3948 indIici
699 3892 734 3946 lo
760 3891 881 3963 penperii
904 3892 1025 3947 consules
1047 3891 1160 3947 euuluto
1264 3888 1297 3945 16
1320 3890 1363 3944 ni·

230 3976 319 4031 etnrie
410 3978 444 4033 19
460 3978 586 4033 illicitetc
680 3978 715 4033 22
732 3979 790 4033 lece
807 3976 1023 4049 doemoniiregir
1041 3978 1065 4043 (r
1081 3992 1116 4033 m.
1135 3980 1151 4033 1
1169 3990 1205 4033 cc
1222 3991 1243 4043 s,
1260 3975 1362 4044 cnsp.

230 4060 575 4133 udd.eoeorr.rrs1)ll
602 4060 1363 4134 toccingreeielelexdriepyriregisinluooniseo·

228 4146 341 4203 serlonis
358 4148 472 4218 prefecti
489 4148 568 4217 ponti
584 4149 614 4203 in
631 4148 750 4219 echitis!
770 4150 804 4205 iro
820 4164 876 4205 rue.
895 4154 964 4205 eol
1007 4210 1008 4215 γ
1068 4147 1103 4205 25
1119 4146 1163 4203 hie
1262 4146 1296 4201 27
1315 4161 1362 4216 op·

228 4234 313 4301 presit
330 4234 345 4304 ll
363 4233 517 4289 hetilonem
601 4234 637 4289 28
653 4235 742 4289 tutius
762 4234 775 4305 ΙΙ
794 4236 874 4291 sueto
960 4232 994 4287 29
1012 4232 1151 4289 trudentes
