2934 4975
291 359 394 407 XXXII

335 532 381 597 De
401 524 578 614 ‘Epitomae
605 529 824 595 chronicorum
846 530 983 597 Seueri
1011 536 1216 617 cognomento
1237 532 1416 618 Sulpicii
1449 513 1460 563 ³

199 696 201 701 .
291 624 318 699 t.
343 634 405 699 ras
433 631 738 717 suspectuosae
766 632 944 716 disputarit
965 635 1218 719 norun-ugges,
1252 635 1347 703 uae
1366 639 1417 706 aa
1452 621 1460 667 ¹

298 736 513 805 Weltcbroailc
544 735 598 802 dee
630 754 693 819 sup.
722 735 757 801 8.
780 735 827 816 8.,
861 736 1081 805 (100181875.
1120 739 1260 810 codicem
1291 742 1417 809 unicum
1454 728 1460 793 l

290 861 314 907 s.
337 841 417 911 Illll
440 839 562 907 Matriti
585 857 684 923 nuper
703 842 804 906 denno
826 841 964 923 repperit
984 840 1061 908 Otto
1077 840 1182 907 Waltz
1197 841 1231 923 1).
1264 844 1349 912 edita
1369 851 1417 912 est
1454 849 1460 896 1

290 945 328 1010 ab
352 944 489 1011 ilenrico
512 942 630 1023 Ilurco,
652 939 793 1023 Eepmtu
813 942 955 1026 moda
978 942 1117 1026 (Mediid
1135 942 1229 1029 1748)
1247 947 1294 1012 IV
1308 967 1338 1032 p.
1353 949 1418 1016 480
1452 958 1460 1003 ²

289 1049 401 1117 -4oo
421 1052 455 1113 et
476 1048 526 1113 ed.
550 1046 571 1111 2
594 1046 650 1130 (ib.
677 1046 775 1132 1786)
796 1067 828 1132 p.
850 1046 1049 1126 488-454,
1078 1065 1140 1130 qua
1164 1050 1334 1131 posteriora
1361 1070 1418 1136 ego
1454 1065 1460 1109 r

290 1170 364 1219 usus
388 1170 468 1217 sum.
1458 1173 1460 1192 ’

332 1256 418 1337 Quae
435 1255 467 1321 in
491 1254 608 1319 Pauli
631 1252 774 1319 Historia
790 1253 941 1332 Romanu,
963 1254 1065 1319 altera
1080 1256 1183 1321 octaui
1197 1258 1314 1323 saeculi
1328 1259 1416 1339 parte

290 1356 501 1443 couscriptul)
526 1376 562 1422 er
578 1356 689 1423 Oresio
711 1358 839 1439 sumpta
861 1356 978 1439 ineunt,
1000 1356 1168 1442 diligenter
1182 1359 1358 1443 conquisIui
1380 1380 1416 1425 ex
1458 1385 1460 1444 p

290 1462 524 1547 Eyssenhardtii
550 1452 703 1527 ‘Historia
732 1452 887 1526 Isrecella’
917 1459 1033 1544 (Berol.
1067 1462 1178 1547 1869),
1207 1482 1270 1545 qua
1299 1463 1417 1528 Paulus
1458 1489 1459 1550 p

289 1582 353 1630 una
385 1582 458 1629 cum
490 1563 643 1629 Landolfo
669 1562 787 1647 Sagace
819 1564 884 1628 eius
917 1564 1103 1648 ampliatoro
1135 1568 1169 1630 et
1201 1567 1419 1633 continuatore

289 1666 526 1750 comprehensus
549 1668 606 1749 est,
631 1684 705 1733 usus
728 1665 836 1731 libello
859 1667 996 1735 (tustani
1017 1666 1135 1751 Bauch,
1166 1666 1260 1734 Uebcr
1280 1668 1331 1733 die
1352 1668 1417 1733 Hi·
1458 1717 1459 1724 .

289 1769 389 1835 dorio
411 1771 557 1836 17001000
579 1768 632 1833 deo
649 1766 689 1833 P.
705 1766 801 1837 Diae.
827 1770 945 1851 (amoc
962 1768 1059 1853 1878)
1069 1772 1081 1852 3'
1100 1787 1172 1836 mor
1187 1773 1332 1854 encomia
1346 1790 1419 1837 mea
1458 1821 1460 1866 ,

289 1872 328 1939 ad
354 1874 625 1939 accuratissimum
647 1871 795 1940 Iohannis
818 1872 969 1956 Droyseni
1000 1873 1166 1940 elenchum
1178 1872 1206 1952 ³)
1220 1897 1223 1903 ·
1239 1874 1416 1959 recognoui.
1457 1926 1460 1940 ,

237 1966 271 2035 o
290 1975 428 2041 codicem
448 1976 714 2059 Bambergensem
730 1974 1264 2059 513(u)s.1x01nyssenharutii
1280 1976 1419 2042 editione

290 2077 436 2158 adhibui,
466 2077 577 2144 deinde
605 2076 708 2160 ipsum
732 2076 941 2143 bibliothecae
964 2076 1153 2143 liberalitate
1175 2077 1418 2163 Heidelbergam
1458 2069 1459 2074 ’

240 2177 272 2244 a·
288 2182 507 2247 transmissum
522 2180 677 2265 inspicere
690 2179 796 2263 potui;
812 2179 924 2245 codicis
935 2180 1128 2247 Monacensis
1143 2182 1228 2250 8516
1242 2180 1295 2267 (a)
1307 2202 1331 2248 s.
1345 2180 1421 2247 x-

288 2284 335 2351 Xl
366 2284 514 2351 lectiones
543 2282 723 2353 Guilelmus
746 2283 858 2347 Hartel
884 2300 903 2345 a
932 2302 965 2348 se
997 2287 1137 2349 enotatas
1171 2284 1304 2364 benigne
1336 2285 1418 2349 mihi

289 2388 420 2455 utendas
443 2386 538 2465 dedit,
561 2386 711 2470 quasdam
732 2386 916 2466 recognouit
930 2386 1085 2452 Halmius.
1109 2387 1162 2451 sed
1179 2405 1214 2453 er
1230 2386 1281 2451 his
1296 2388 1420 2469 potiora

289 2494 412 2560 tantum
440 2492 474 2557 In
503 2490 690 2576 apparatum
720 2489 864 2556 oritIoum
893 2490 1019 2570 rettuli,
1054 2508 1128 2555 nam
1149 2489 1283 2556 Paulum
1313 2489 1419 2558 Orosii

289 2597 458 2679 exemplari
487 2614 580 2660 usum
608 2612 675 2660 esse
703 2592 847 2660 intellexi
874 2592 990 2658 nostris
1019 2592 1179 2659 codicibus
1202 2594 1328 2676 optimis
1350 2613 1417 2661 non

288 2699 425 2778 meliore,
456 2699 552 2764 immo
580 2699 682 2784 magis
711 2698 776 2766 leue
799 2699 944 2782 corrupto
966 2698 1017 2763 uel
1041 2698 1230 2780 interpolato
1252 2704 1283 2764 et
1306 2701 1420 2766 conta-

288 2799 457 2884 minatoll.
490 2801 649 2886 nuperime
672 2806 704 2868 et
733 2820 850 2888 magna
877 2820 965 2867 meua
993 2820 1107 2884 operae
1134 2802 1306 2885 parisiam
1330 2804 1419 2888 typis

287 2906 442 2988 exscripta
475 2905 592 2971 Paulus
627 2903 747 2988 optima
779 2905 953 2971 recensione
987 2905 1089 2971 editus
1123 2910 1171 2970 est
1202 2906 1242 2971 ab
1275 2905 1417 2971 Iohanne

286 3005 444 3093 Droyseno
460 3008 491 3072 in
508 3007 720 3074 Monumentis
733 3007 920 3074 Germaniae
932 3009 1081 3090 Eutropio
1096 3027 1158 3074 una
1173 3027 1245 3074 cum
1259 3008 1417 3074 landolfo

287 3111 422 3176 insertus
437 3109 475 3196 ⁵),
498 3111 654 3196 simulque
676 3131 816 3178 seorsum
836 3130 964 3178 recusus
976 3109 1015 3195 ⁰).
1039 3131 1075 3176 ea
1097 3111 1203 3190 editio,
1226 3131 1305 3194 quae
1326 3111 1419 3194 prin-

286 3232 355 3297 ceps
379 3214 442 3278 dici
465 3216 574 3278 merito
597 3215 700 3300 debet,
728 3217 755 3280 si
778 3220 868 3281 antea
890 3216 953 3280 iam
977 3215 1152 3298 prodiisset,
1176 3219 1208 3288 et
1229 3215 1335 3280 labore
1358 3213 1420 3280 illo

286 3318 323 3382 dc
339 3335 398 3399 quo
414 3315 477 3381 disi
493 3317 576 3383 hau'd
589 3317 722 3385 iucundo
736 3337 848 3403 magna
863 3339 899 3384 er
914 3319 1002 3402 parte
1018 3318 1190 3385 caruissem
1205 3319 1237 3383 et
1253 3318 1420 3401 aliquanto

287 3419 381 3485 etiam
398 3421 520 3502 parcius
532 3421 623 3487 Pauli
639 3422 679 3488 ab
692 3421 792 3488 Orosii
805 3423 962 3488 codicibus
973 3422 1214 3505 discrepantiam
1227 3421 1420 3487 attulissem.

390 3637 409 3701 ¹)
428 3633 527 3689 Rbelu.
551 3635 681 3690 Muscam
705 3633 772 3688 1878
795 3651 820 3704 p.
839 3633 903 3701 322;
930 3633 965 3690 cl.
983 3651 1053 3690 nunc
1072 3633 1180 3701 Ewald,
1200 3635 1292 3689 Neues
1310 3633 1420 3688 Archiv

286 3719 352 3774 1881
370 3735 396 3788 p.
415 3719 466 3774 323
475 3734 534 3789 sqq.

315 3811 318 3818 ’
388 3815 407 3882 ²)
426 3813 467 3869 ct.
486 3815 605 3884 Drpysen
623 3814 652 3869 iu
672 3815 798 3885 Eutropii
815 3815 857 3870 ed
875 3817 976 3870 maiore
995 3813 1062 3868 1878
1082 3830 1106 3882 p.
1126 3811 1252 3870 XXVIII.

388 3911 409 3980 ³)
427 3909 496 3965 Vide
513 3911 714 3980 Forecbuapen
730 3910 781 3964 XV
798 3911 888 3979 (1875)
907 3926 932 3979 p.
950 3909 1001 3964 187
1013 3925 1070 3978 sqq.

389 4006 408 4070 ⁴)
428 4004 564 4072 Quaedam
587 4021 646 4059 cum
667 4005 693 4060 G
711 4005 863 4060 communia
880 4004 970 4071 habet,
994 4004 1071 4058 uelut
1092 4003 1166 4060 Oros.
1185 4019 1211 4072 p.
1229 4001 1288 4067 517,
1305 4001 1323 4056 ὃ
1340 3999 1420 4069 glos·

284 4104 356 4144 sema
373 4107 392 4144 a
413 4090 535 4160 Valente,
557 4091 618 4156 523,
638 4093 652 4145 l
671 4093 867 4147 structiesc'mee
883 4107 932 4161 pro
948 4089 1184 4146 immobilem.

388 4185 406 4252 ⁵)
425 4187 554 4240 securus
572 4185 726 4256 antiquiss,
744 4191 766 4246 t.
784 4186 821 4250 ll,
839 4186 928 4241 Berol.
948 4186 1023 4240 1878.
1041 4187 1078 4239 4⁰.

389 4277 409 4344 ⁸)
427 4277 507 4333 Pauli
524 4280 639 4335 historia
657 4281 783 4338 Romana.
802 4280 888 4335 Berol.
909 4280 985 4335 1879.
1003 4281 1040 4336 8⁰.
