2934 4975
244 391 308 456 596
570 384 667 436 Pauli
685 381 798 438 Orosii
819 381 1047 436 Historiarum

252 565 382 624 XXXIII.
407 561 647 631 Quemadmodum
669 555 844 616 Aurelianus
865 558 933 629 post
955 557 1008 616 hos
1030 557 1151 630 adeptus
1174 559 1323 632 imperium
1346 557 1381 616 dc

354 664 454 724 Gothis
475 678 610 735 magnam
632 657 786 720 uictoriam
809 659 965 732 sumpserit
987 675 1020 718 ac
1044 659 1218 733 reipublicae
1241 662 1379 720 terminos

353 767 443 827 statui
476 764 599 838 pristino
632 781 683 837 per
715 763 779 822 loca
808 761 980 838 reddiderit,
1015 763 1120 822 Vrbem
1150 781 1260 838 quoque
1291 766 1380 823 muris

352 868 525 930 firmioribus
549 865 672 926 cinxerit
694 867 723 926 et
745 865 970 939 persecutionem
1000 869 1125 926 extremo
1148 869 1274 941 tempore
1297 867 1379 941 regni

354 972 399 1030 sui
421 969 578 1030 meditatus
600 969 690 1030 fuerit
711 968 890 1029 interfectus,
915 969 969 1043 [23
985 977 1000 1035 5
1015 967 1046 1040 3]
1401 987 1414 1022 a

250 1103 396 1161 XXXIIII.
414 1103 456 1160 De
472 1115 667 1159 successomm
685 1097 747 1157 eius
759 1097 852 1157 Taciti
866 1101 895 1158 et
907 1097 1034 1158 Floriani
1049 1099 1219 1160 breuissImo
1236 1101 1378 1173 regnandi

352 1204 446 1280 spatio
469 1206 498 1263 et
521 1202 585 1261 fine.
610 1203 665 1276 [24
681 1209 696 1268 t
711 1201 740 1275 1]

250 1336 365 1395 XXXV.
388 1331 468 1404 Quod
491 1333 603 1391 Probus
626 1330 726 1391 horum
749 1347 897 1390 successor
918 1331 1031 1404 imperii
1056 1332 1099 1390 sui
1123 1334 1248 1405 tempore
1271 1331 1377 1390 Gallias

352 1437 386 1495 de
409 1451 496 1495 mana
518 1433 644 1494 hostium
667 1433 806 1507 eripuerit
828 1433 959 1507 bellaque
977 1432 1076 1492 ciuilia
1091 1435 1168 1508 apud
1182 1433 1376 1508 agrippium

350 1556 454 1612 unum,
489 1537 568 1595 aliud
598 1537 628 1594 iu
651 1535 769 1595 Oriente
800 1536 963 1608 confecerit,
995 1535 1098 1610 quibus
1121 1538 1224 1616 sopitis
1251 1537 1376 1596 tumultu
1388 1558 1411 1596 ro

350 1642 474 1702 militum
497 1641 582 1701 Sirmi
604 1640 694 1700 fuerit
716 1641 916 1714 interemptus.
941 1642 997 1715 [24
1012 1649 1027 1708 5
1042 1641 1072 1713 2]

171 1761 174 1770 '
247 1769 374 1828 XXXVI.
398 1768 479 1839 Quod
508 1767 593 1827 huius
623 1783 770 1827 successor
800 1767 913 1828 nomine
937 1767 1026 1826 Carus
1049 1783 1153 1840 genere
1175 1765 1375 1828 Narbonensis

347 1872 422 1946 apud
444 1871 571 1931 Parthos
592 1871 622 1929 iu
645 1872 750 1930 castis
772 1869 891 1930 fulmine
914 1873 989 1931 ictus
1013 1870 1125 1930 obierit.
1152 1873 1205 1945 [24
1221 1880 1236 1936 5
1251 1871 1281 1944 4]

245 1999 387 2058 XXXVII.
412 2001 491 2069 Quod
506 1997 680 2059 Diocletiani
698 2001 728 2057 et
743 1997 911 2058 Maximiani
933 1999 1111 2072 temporibus
1135 2001 1255 2058 euentus
1277 1999 1373 2058 uarios

346 2102 480 2161 habuerit
502 2102 673 2176 proeliorum
697 2101 825 2160 Romana
846 2101 1021 2175 respublica,
1054 2103 1158 2176 quique
1180 2102 1373 2162 inmanissimi
1384 2122 1410 2159 rs

347 2209 542 2279 persecutores
565 2206 723 2266 Christiani
747 2206 870 2266 nominis
900 2206 1070 2276 exilierunt,
1102 2223 1168 2264 nam
1190 2209 1293 2278 sponte
1317 2207 1372 2264 im·

345 2311 418 2383 perii
441 2309 550 2382 pariter
566 2309 709 2382 dignilatc
725 2309 855 2382 deposita
871 2304 985 2368 Galerio
1002 2311 1031 2366 et
1047 2307 1215 2367 Constantio
1231 2308 1372 2382 Augustis

346 2413 428 2485 regui
459 2428 596 2471 summam
624 2411 654 2469 iu
677 2411 749 2471 duas
779 2415 875 2484 partes
898 2427 931 2470 eo
954 2409 1077 2483 prImum
1099 2411 1221 2469 diuisam
1244 2413 1371 2487 tempore

346 2514 534 2589 reliquerunt.
558 2517 613 2590 [25
629 2523 645 2582 i
662 2516 690 2588 1]

243 2644 400 2704 XXXVIII.
425 2644 503 2713 Quod
532 2644 725 2718 praelatorum
753 2646 929 2717 ternporibus
952 2646 1151 2717 Augustorum
1174 2644 1283 2703 decima
1304 2648 1408 2718 pastro

344 2748 490 2806 Neronem
518 2746 647 2807 Ecclesia
680 2746 816 2822 passione
846 2750 949 2805 uexata
979 2747 1020 2806 sit
1050 2750 1079 2806 et
1106 2746 1181 2820 quod
1204 2746 1249 2806 his
1273 2748 1370 2807 docem

344 2848 558 2909 calamItatibns
591 2866 769 2925 paganorum
803 2852 899 2910 decem
929 2851 1079 2925 plagarum
1110 2850 1235 2925 Aegypti
1267 2852 1370 2911 merito

343 2969 476 3012 uumerus
506 2954 693 3026 conparetur,
724 2952 858 3026 quoniam
890 2950 1104 3013 ecclesiasticae
1135 2951 1309 3012 adflictionis
1339 2953 1370 3011 iu

343 3055 402 3115 illis
424 3058 493 3114 tunc
515 3053 609 3127 figura
629 3056 828 3130 praecesserit.
854 3056 907 3129 [26
924 3063 938 3122 5
956 3054 984 3129 1]

240 3184 413 3244 XXXVIIII.
438 3184 480 3242 De
502 3182 643 3244 felicitate
666 3200 700 3242 ao
722 3183 779 3243 fide
801 3186 960 3257 temporum
982 3184 1121 3258 principis
1138 3183 1321 3245 constantim
1339 3185 1407 3247 etas

341 3303 410 3359 pace
431 3284 563 3347 ecelesiis
584 3303 635 3361 per
656 3286 750 3361 ipsum
773 3286 922 3346 catholicis
938 3287 1082 3359 restituta,
1101 3287 1194 3361 etqui
1210 3288 1263 3347 sub
1278 3303 1368 3361 regno

340 3390 401 3449 eins
437 3390 542 3449 aemuli
580 3389 759 3465 principatus
796 3389 929 3449 dissimili
962 3389 1074 3462 quidem
1109 3390 1159 3449 sed
1193 3389 1276 3449 celeri
1311 3388 1368 3447 fine

292 3692 305 3745 1
324 3690 356 3744 in
372 3690 467 3746 Oresio
478 3692 538 3760 ipso
555 3706 640 3747 xxxn
657 3698 755 3747 uram
849 3692 865 3746 2
883 3708 981 3763 magna
999 3692 1116 3747 uictnrla
1135 3692 1147 3762 ll
1166 3693 1297 3747 termium

238 3774 423 3830 3reddederit
518 3778 626 3847 Irlgni
726 3778 849 3847 Ispacio
873 3778 886 3848 [Ι
906 3778 988 3832 finem
1086 3776 1120 3832 10
1137 3792 1217 3830 uuam
1235 3777 1319 3831 alium
1341 3777 1355 3847 [Ι

237 3859 334 3929 sapitis
353 3860 367 3930 [Ι
385 3862 533 3917 mmultnm
630 3862 764 3933 IlSyrmi
860 3864 893 3917 14
905 3862 1055 3918 dioclitiani
1153 3862 1186 3918 lb
1198 3862 1296 3917 habult

239 3946 271 4001 16
296 3948 498 4014 persequutores
525 3950 547 4016 (¹
568 3948 759 4018 feriamini)
870 3950 903 4003 II
930 3950 1034 4019 agnatis
1147 3949 1181 4003 18
1206 3947 1296 4002 diuisa

236 4031 271 4085 20
288 4033 445 4100 apostorum
547 4033 580 4087 21
598 4050 697 4089 nerone
724 4035 736 4104 [Ι
765 4034 851 4090 decim
954 4036 988 4089 22
1006 4034 1208 4089 calamitatibus
1227 4034 1291 4101 (ami
1308 4038 1365 4089 stu·

235 4116 476 4186 timeaiscorr.)
496 4118 509 4188 [Ι
528 4118 613 4173 deum
698 4120 918 4191 iduumerusm
936 4124 1013 4191 prior
1030 4123 1121 4177 casm
1139 4122 1294 4187 ecem)

235 4202 412 4273 litigarem
526 4204 561 4260 25
586 4205 711 4261 sslicitnte
824 4208 859 4262 26
885 4206 1006 4263 ecclesias
1121 4208 1153 4261 27
1182 4204 1353 4277 dissimilet!

235 4287 316 4342 celere
