2934 4975
531 315 688 384 capitula
710 315 765 370 lib.
784 315 816 370 V.
1174 319 1238 386 583

101 492 199 553 vfflL
224 494 267 552 De
288 491 416 566 proeliis,
439 508 513 565 quae
535 493 612 566 apud
626 491 771 566 Hmpsnoe
788 492 909 553 Bonum
927 491 1013 553 duoee'
1029 496 1134 554 euentu
1148 495 1229 556 uario

204 596 342 671 grauique
364 597 530 670 gesserunt,
553 596 583 655 et
599 595 749 670 prodigiis,
774 611 847 670 quae
863 595 968 656 Romae
983 597 1069 672 etque
1085 598 1115 656 in
1131 597 1230 658 Sicilia

204 699 267 760 uisa
290 701 368 760 eunt.
392 695 522 779 [5512]

143 822 179 881 X.
202 822 246 883 lle
268 821 423 881 seruilibus
443 820 477 880 in
499 819 597 880 Sicilia
625 819 710 880 bellis
736 836 796 881 uon
818 819 880 882 siue
902 821 1002 882 labore
1024 823 1147 884 maximo
1170 824 1228 884 lto·

76 945 89 982 s
202 925 282 984 msui
301 925 445 986 exereitus
467 923 623 998 obpressis.
649 921 684 1003 [6
699 931 715 992 l
730 921 762 1002 e]

128 1046 179 1106 XL
203 1045 245 1106 De
278 1044 437 1105 Numantia
466 1045 625 1120 Hispaniae
658 1045 802 1107 citerioris
836 1046 906 1106 urbe
939 1046 1158 1106 bellicosissima
1190 1047 1227 1106 ab

203 1149 334 1224 Scipione
360 1149 498 1210 Abioano
531 1150 590 1209 iem
623 1151 741 1210 consule
772 1147 843 1209 licet
874 1149 997 1210 maximo
1030 1165 1094 1210 curn
1128 1151 1227 1211 labore

202 1256 361 1326 domnoque
388 1253 562 1326 reipublicae
590 1253 760 1327 quandoque
781 1253 879 1311 tamem
906 1252 1048 1328 obpressa
1072 1255 1102 1314 et
1124 1252 1227 1314 deleta.
1340 1314 1342 1322 ,

218 1358 236 1414 7
284 1369 298 1417 1

62 1481 89 1521 ro
104 1459 172 1520 ΧΗ.
196 1353 406 1520 {regenoldum
428 1461 536 1520 Romae
559 1479 578 1520 a
597 1460 715 1520 tribuno
739 1459 834 1534 plebis
857 1459 986 1520 (lrsccho
1007 1461 1085 1520 mota
1106 1461 1136 1518 et
1159 1475 1223 1520 cnm

200 1563 264 1624 eins
285 1581 319 1623 eo
339 1565 529 1637 plurimorum
551 1563 742 1624 internicione
765 1563 870 1638 sopite,
892 1565 922 1624 et
939 1563 1016 1638 qnod
1037 1565 1135 1623 sedern
1152 1564 1225 1623 tem-

200 1683 269 1740 pore
294 1666 328 1726 in
349 1665 451 1727 Sicilie
477 1666 619 1740 numque
647 1667 736 1728 etiem
764 1683 816 1740 per
838 1666 900 1726 loca
922 1664 980 1726 alie
1000 1666 1128 1742 plurime
1149 1665 1226 1726 belle

199 1769 319 1831 seruilia
339 1770 542 1846 consurgentia
564 1771 625 1830 siut
644 1787 786 1845 repressa.
810 1767 845 1849 [8
860 1777 876 1838 5
891 1767 922 1848 1]

95 1891 180 1953 XIII.
199 1891 244 1952 De
265 1891 351 1964 bello,
373 1891 451 1965 qnod
466 1892 566 1951 contra
580 1890 779 1952 Aristonicum
794 1889 890 1951 Attali
908 1889 1038 1964 fratrem,
1061 1889 1111 1966 qni
1125 1889 1226 1950 Asiam

61 2018 87 2059 re
198 2010 251 2069 por
271 1995 476 2054 testamentum
497 1993 601 2069 populo
616 1993 743 2054 Romano
765 1993 930 2068 reliqueret,
953 2010 1006 2068 pro
1022 1994 1119 2054 eodem
1136 2009 1225 2066 regno

198 2114 320 2172 pernaso
352 2113 405 2172 per
437 2096 578 2157 Licinium
610 2096 747 2158 cracem
781 2117 800 2158 a
832 2098 969 2158 Romanis
1001 2095 1173 2168 infeliciter,
1208 2113 1225 2154 a

198 2201 356 2275 Perpenna
384 2200 501 2260 consule
531 2199 645 2261 deuicto
675 2200 760 2261 hoste
794 2200 920 2261 feliciter
955 2202 1000 2260 est
1029 2201 1160 2274 gestum,
1195 2200 1225 2258 et
1337 2285 1339 2290 Ι

196 2305 314 2364 incestu
335 2321 370 2364 ao
391 2302 546 2378 parricidio
568 2303 727 2365 Ptolemaei
748 2303 828 2378 regis
850 2303 1126 2396 Alexandrinorum,
1149 2303 1224 2377 qnod

197 2408 228 2466 iu
251 2422 377 2467 sororem
398 2423 481 2466 susm
500 2406 722 2482 priuignsmque
744 2405 895 2468 commisit.
919 2402 1054 2484 [1051]

59 2528 192 2597 „XIIIL
214 2528 257 2588 De
280 2526 334 2601 iis,
367 2543 441 2601 quae
468 2526 544 2585 iuter
572 2526 748 2587 Antiochum
780 2524 958 2602 Babyloniae
993 2528 1022 2587 ot
1051 2526 1225 2587 Pbrahetem

196 2647 294 2705 regom
315 2629 489 2689 Parthorum
517 2630 587 2689 sunt
615 2630 700 2704 geste
726 2629 892 2701 certamine,
916 2631 945 2688 et
965 2629 1062 2689 Publii
1084 2629 1225 2705 Scipionis

196 2733 328 2795 Afrieeui
350 2732 439 2793 obitu.
463 2730 521 2811 [10
537 2740 554 2801 e
568 2729 601 2811 8]

110 2854 173 2916 XV.
195 2854 240 2914 De
261 2854 387 2914 tremore
405 2854 519 2913 Aetnae
540 2851 647 2913 montis
669 2854 699 2913 ct
721 2852 858 2925 metibus,
882 2853 1013 2928 qnodque
1034 2852 1119 2913 solito
1141 2853 1224 2912 flam-

196 2974 260 3016 mus
293 2972 427 3017 euomeue
458 2956 607 3030 vaniores
629 2955 766 3031 Liparum
799 2954 926 3017 insulam
953 2956 1136 3029 nioiunnuqne
1165 2953 1223 3031 ipsi

59 3090 84 3131 25
195 3076 273 3119 mare
295 3076 347 3119 suo
370 3059 472 3120 ardore
493 3058 641 3120 torruerit.
664 3055 722 3137 [10
736 3066 752 3127 d
768 3056 816 3138 11]

93 3178 170 3241 XVL
193 3178 238 3239 Do
259 3178 437 3255 pestilentie,
459 3196 533 3253 pose
555 3178 586 3237 in
603 3176 705 3239 Africo
725 3180 790 3239 orta
812 3194 847 3238 ex
868 3178 1020 3253 putredine
1043 3178 1222 3238 lucustarum

195 3281 423 3344 innumerabiles
451 3282 574 3356 populos
602 3299 666 3342 cum
688 3280 847 3355 montibus
869 3282 971 3343 auibus
994 3282 1154 3355 bestiisque
1176 3280 1222 3340 in·

194 3385 296 3447 audite
314 3386 398 3461 prius
419 3384 501 3447 clodo
520 3384 709 3460 consumpsit.
737 3381 792 3464 [11
809 3393 826 3454 e
841 3382 873 3463 1]

144 3617 302 3688 lbispunus
376 3620 540 3688 lgrenequo
558 3619 571 3689 ΙΙ
590 3619 669 3689 quae]
682 3632 714 3688 q:
789 3617 962 3673 dnumunoia
981 3617 994 3687 ΙΙ
1014 3616 1155 3673 celeriores

93 3703 239 3761 loourole
354 3704 390 3759 10
405 3706 482 3759 mute
595 3706 629 3759 11
645 3702 820 3760 internitioue
843 3702 937 3757 subita
1041 3702 1073 3757 13
1091 3703 1156 3757 suut

94 3806 127 3860 ro
142 3820 190 3876 per
201 3804 301 3861 moso
399 3807 432 3861 ro
448 3806 544 3861 inemo
560 3820 680 3877 gemm
702 3806 715 3877 p
737 3804 893 3875 monerer]
912 3804 1050 3860 moneor
1062 3788 1104 3859 iii
1116 3804 1223 3873 gemm

92 3892 141 3960 (ote
156 3906 192 3949 en.
209 3896 237 3957 1)
265 3891 279 3963 ΙΙ
306 3894 565 3962 aperpenns-est
582 3893 809 3962 glaream-1
912 3892 944 3946 17
963 3890 1072 3946 deuicto
1090 3892 1148 3945 osto
1171 3888 1224 3943 ffli-

93 3976 158 4031 oiter
270 3978 306 4033 18
320 3994 338 4032 a
354 3976 546 4047 prothollomei
573 3978 587 4048 ll
614 3976 780 4032 alexandrini
807 3977 820 4048 ΙΙ
848 3977 920 4047 qnod
937 3977 967 4031 in
984 3990 1100 4032 sororem
1117 3976 1150 4030 obt
1166 3989 1222 4029 roo.

91 4067 159 4117 nez
238 4063 272 4118 19
288 4063 468 4133 priuignaque
543 4062 579 4118 20
595 4062 639 4118 bis
658 4063 671 4135 ΙΙ
690 4062 847 4118 anthiocum
859 4062 1020 4119 bebillonise
1097 4061 1131 4116 23
1149 4059 1223 4114 etha·

92 4148 248 4203 nseruostis
338 4149 503 4219 ltleporsm
522 4148 535 4220 ll
551 4148 604 4217 ipsi
617 4150 850 4218 (idmstottnoec
865 4152 891 4218 e)
977 4148 1013 4205 26
1023 4145 1181 4219 pestilencia
1200 4144 1213 4215 ΙΙ

92 4233 231 4303 podridine
331 4236 365 4289 27
382 4236 496 4305 populns
519 4235 532 4306 ΙΙ
554 4234 695 4306 pecodibus
718 4236 731 4307 ΙΙ
753 4237 915 4306 bestiisquae
