2934 4975
380 369 557 427 aduersum
575 387 723 442 paganos
740 369 784 424 111
810 371 903 428 mss.
1144 371 1206 438 183

55 547 174 610 rander
202 561 274 609 uero
302 545 383 627 apud
406 541 622 626 Babylonem,
652 561 723 608 oum
754 543 854 608 adhue
875 542 1059 627 sanguinem
1089 543 1197 608 sitiens

53 649 135 712 male
172 647 333 730 castigata
363 645 514 711 auiditate
544 646 680 711 ministri
710 645 831 712 insidiis
861 663 1015 711 uenenum
1047 649 1196 727 potasset,

53 751 187 816 interiit.

93 888 120 956 Ο
146 889 236 954 dura
257 907 345 954 mens
368 887 530 954 hominum
545 890 577 953 et
597 905 649 952 oor
669 907 792 972 semper
807 887 1027 954 inhumanum!
1050 908 1106 972 ego
1122 889 1226 974 ipsae

39 992 103 1074 equi
129 993 217 1058 haee
244 1011 300 1075 pro
323 992 492 1058 adserenda
514 991 653 1058 omnium
680 994 857 1073 temporum
878 993 1047 1058 alternanti
1070 992 1196 1058 calami-

55 1098 118 1162 tate
149 1114 340 1180 percenseo,
369 1097 402 1160 in
424 1097 527 1162 relatu
550 1095 633 1160 tanti
656 1096 745 1174 mali,
777 1113 837 1180 quo
858 1097 911 1161 uel
932 1097 1031 1161 morte
1054 1097 1124 1181 ipsa
1145 1097 1197 1162 uel

56 1199 232 1265 formidine
259 1200 369 1264 mortis
397 1200 523 1282 accepta
551 1199 635 1264 totus
667 1199 802 1264 mundus
830 1199 1010 1278 intremuit,
1045 1201 1196 1282 numquid

56 1302 263 1370 inlacrimaui
291 1302 411 1368 oeulis?
440 1302 591 1385 numquid
614 1305 702 1368 eorde
730 1302 894 1368 condolui?
920 1305 1072 1387 numquid
1093 1303 1198 1368 reuol-

57 1427 130 1471 uens
148 1407 233 1473 haee
247 1405 373 1490 propter
388 1423 585 1472 communem
600 1405 727 1470 uiuendi
749 1407 868 1472 statum
886 1405 1041 1472 maiorum
1055 1407 1197 1474 miserias

35 1529 140 1576 remeas
165 1510 252 1576 feda
276 1529 347 1576 eum
369 1511 484 1588 tamon,
508 1509 674 1594 siquando
689 1509 728 1574 de
743 1529 793 1574 me
809 1511 876 1592 ipso
891 1511 1001 1589 refero,
1023 1511 1061 1576 ut
1073 1511 1226 1594 ignotoso

57 1614 201 1698 primum
222 1614 370 1680 barbaros
392 1614 544 1694 uiderim,
568 1614 604 1678 ut
625 1613 754 1678 infestos
778 1613 1016 1694 declinauerim,
1039 1613 1076 1678 ut
1097 1614 1197 1681 domi·
1267 1651 1273 1659 ·

59 1719 213 1782 nantibus
237 1717 397 1784 blanditus
412 1717 482 1796 eim,
506 1717 542 1781 ut
556 1717 697 1784 infideles
718 1717 939 1804 praesensum,
961 1719 999 1783 ut
1013 1717 1197 1785 insidiantes

59 1820 325 1906 subterfugerim,
362 1821 515 1905 postremo
549 1825 585 1885 ut
617 1821 837 1904 persequentes
870 1822 903 1886 in
936 1821 1016 1886 mari
1050 1840 1086 1885 ao
1115 1822 1225 1887 saxis?

62 1924 253 2008 spieulisque
267 1924 456 2006 adpetentes,
472 1923 627 1990 ma¹nibus
640 1924 737 1989 etiam
748 1941 843 2005 paene
855 1923 920 1989 iam
933 1923 1197 2006 adprehendentes
1206 1958 1227 1998 ῃ.
1241 1945 1282 1989 ιιι

37 2028 227 2108 arepentina
242 2028 358 2092 nebula
372 2027 577 2092 circumfusus
595 2027 757 2105 euaserim,
780 2027 906 2092 ounotos
922 2027 1082 2092 audientes
1098 2047 1149 2094 me
1163 2028 1198 2094 in

63 2128 208 2196 lacrimas
232 2129 419 2196 commoneri
440 2130 535 2195 uelim
559 2132 589 2196 et
610 2129 726 2195 tacitus
743 2131 780 2194 de
796 2147 857 2194 non
872 2129 1049 2196 dolentibus
1064 2131 1197 2211 doleam,

63 2235 211 2316 reputans
236 2233 372 2299 duritiae
394 2251 510 2312 eorum,
535 2235 587 2315 qui
610 2237 691 2317 quod
712 2251 774 2298 non
789 2234 962 2298 sustinuere
981 2251 1042 2298 non
1058 2238 1196 2300 eredunt.

111 2578 126 2630 1
145 2578 215 2645 aput
234 2576 258 2643 (t
274 2575 306 2629 in
324 2575 351 2643 d)
370 2575 398 2630 P
425 2575 437 2645 (Ι
465 2563 684 2647 babyllouam'D
729 2574 903 2645 babyloniam
919 2576 960 2635 13²
987 2577 1001 2648 (Ι
1029 2592 1088 2633 oum
1106 2594 1126 2633 e.
1146 2579 1196 2634 lise.

67 2677 124 2733 aaa.
142 2683 213 2735 aa
230 2680 258 2735 n
360 2680 556 2736 annuerem
575 2679 657 2735 insui
674 2680 704 2735 n
723 2680 737 2749 ιι
755 2679 888 2734 maudo
905 2682 933 2733 s
952 2682 965 2751 ῃ
987 2668 1104 2750 passe
1121 2683 1145 2751 (ι
1161 2698 1197 2739 m.

63 2775 90 2847 ’2)
106 2782 133 2837 L
238 2784 450 2841 dinhumanum
469 2784 585 2855 (inadd
597 2802 631 2841 m.
644 2788 672 2853 2)
690 2786 719 2840 P
750 2786 901 2841 inhnmand
920 2788 948 2852 (u
965 2787 998 2840 io
1015 2789 1082 2855 ras.)
1100 2787 1129 2843 R

68 2886 245 2945 basserenda
267 2890 360 2959 (prior
378 2907 391 2944 s
409 2891 441 2945 s'n
459 2894 525 2959 rus.)
544 2892 572 2947 R
600 2891 613 2962 (Ι
641 2890 780 2945 somnium
798 2892 848 2961 (er.
867 2890 924 2959 Η)
943 2890 971 2947 R
999 2891 1012 2961 (Ι
1040 2892 1197 2961 alternanti]

67 3007 357 3067 terrassiam
391 3013 520 3068 earnes
537 3013 568 3067 n
611 3012 782 3069 eremas
884 2978 1139 3067 aerumnabile
1168 3016 1196 3079 (a

69 3146 150 3203 odeo
166 3151 201 3205 ira
217 3164 274 3208 ras.
294 3154 378 3218 m.1,·
397 3151 426 3205 ui
444 3153 480 3208 al.
494 3154 543 3221 m.)
561 3151 588 3206 R
607 3152 620 3223 (Ι
639 3178 681 3206 m
692 3152 768 3208 eorde
785 3153 813 3207 P
910 3154 926 3207 9
944 3124 1109 3207 domnionem
1127 3151 1155 3207 P
1173 3150 1185 3221 ΙΙ

69 3250 199 3307 uiuendis·
210 3253 333 3323 ltantum
350 3255 381 3309 D
484 3256 517 3310 10
534 3271 605 3309 meaa
623 3271 674 3311 om.
693 3255 730 3310 ΡΙ
753 3255 766 3325 Ι(
793 3256 879 3310 refero
897 3256 948 3324 (fer
966 3272 1001 3310 aar
1018 3255 1083 3322 ferr)
1102 3255 1130 3308 P

72 3351 97 3405 ll
113 3346 176 3425 imi
195 3359 224 3424 (n
242 3359 274 3413 ta
290 3375 344 3413 rua.
363 3376 397 3415 m.
410 3363 438 3426 1)
455 3360 484 3416 R
507 3358 519 3430 ΙΙ
541 3358 659 3415 uiderem
677 3366 729 3426 (om
747 3359 781 3416 ia
797 3361 846 3427 im)
864 3359 893 3414 P
913 3360 927 3431 ΙΙ
949 3359 1062 3415 infestos
1080 3359 1197 3415 dalina-

72 3457 146 3512 nerim
163 3464 198 3515 ut
213 3478 235 3518 a.
253 3462 303 3517 liro.
320 3462 385 3519 odd.
405 3463 514 3519 rsa-212
619 3463 652 3519 12
670 3464 819 3537 blanditus]
837 3465 903 3519 LP¹
938 3463 1092 3520 eblanditus
1109 3466 1163 3519 Po

73 3579 242 3641 sublanditus
259 3587 311 3652 (er.
328 3602 377 3640 s..
393 3584 418 3653 3)
436 3584 464 3641 R
508 3585 681 3641 solandus
697 3586 728 3641 D
755 3588 769 3657 ΙΙ
796 3560 1001 3656 ρηοκιιιῦοιίιιι
1023 3587 1052 3640 P
1092 3601 1196 3654 praeea-

74 3694 147 3757 barim
164 3705 204 3762 Β*
239 3706 404 3775 preeauerim
421 3706 452 3763 D
555 3707 588 3761 13
605 3680 775 3777 persedentes
792 3711 820 3773 (v
836 3708 936 3777 ol.m.)
954 3707 983 3763 R
1086 3706 1120 3761 14
1136 3720 1196 3775 spe·

74 3802 182 3873 solisque
199 3808 255 3865 PR
284 3809 296 3878 ΙΙ
325 3810 481 3878 adpetentes
500 3810 606 3879 (petent
621 3811 654 3865 iss
671 3826 725 3866 rua.
744 3808 782 3878 P)
800 3810 869 3866 PR·
902 3813 1059 3881 appetentes
1076 3811 1139 3879 (·tis
1155 3810 1195 3877 D)

75 3900 134 3959 ΒΨ
159 3910 172 3980 ΙΙ
199 3912 287 3967 uerba
304 3911 429 3966 manibus
447 3913 528 3966 etiam
546 3926 631 3982 paene
649 3914 704 3967 iam
721 3912 948 3982 adprehendentes
966 3930 1016 3969 om.
1035 3914 1063 3969 L
1090 3913 1102 3983 ΙΙ
1130 3928 1197 3983 pens

78 4005 107 4059 ΡΙ
140 4012 153 4081 ΙΙ
188 4014 415 4083 apprehendentes
443 4016 537 4085 (prior
562 4032 580 4086 p
607 4016 638 4071 ira
664 4016 731 4085 rae.)
758 4016 787 4071 P
895 4017 928 4071 16
954 4016 1046 4071 uellim
1073 4017 1129 4073 PR

78 4108 103 4161 li
126 4113 248 4186 dantiae]
267 4117 378 4175 LPRD
396 4119 477 4187 (uiae
494 4118 533 4185 D)
578 4119 746 4175 duritiemo
779 4119 792 4190 ΙΙ
822 4121 893 4191 quod
915 4122 978 4191 noul
1003 4122 1038 4193 ud
1056 4128 1074 4177 n
1091 4122 1123 4177 ia
1139 4135 1196 4179 rus.

80 4242 172 4301 stood.
188 4240 218 4294 P
251 4211 316 4323 quid
334 4256 388 4294 non
405 4240 434 4297 R
462 4240 474 4311 (Ι
502 4245 655 4301 sustennars
673 4244 716 4301 P·
