2934 4975
240 330 305 395 570
565 324 663 379 Pauli
681 321 797 380 Orosii
814 324 1050 380 Historiarum

352 502 439 562 bolus
460 499 577 575 qnidam
592 499 816 562 Atheniensium
837 517 889 577 pro
912 500 1024 577 patriae
1046 500 1182 562 libertate
1204 518 1380 579 consurgens

352 609 405 665 snb
428 607 524 679 speeie
547 605 692 679 conloquii
714 603 926 668 circumuentos
948 605 1051 666 hande
1073 605 1195 680 decepit.
1219 607 1350 682 [1618]

267 708 328 770 XV.
352 709 397 768 De
418 708 498 768 ciuili
520 707 597 769 bello
613 708 778 785 Persarum,
795 711 871 783 quod
886 710 1063 770 maenas
1075 711 1107 771 et
1119 709 1209 786 Cyrus
1231 709 1285 770 filii
1300 711 1380 771 Darii

352 815 388 874 de
415 814 493 872 statu
525 811 612 886 regni
634 814 784 874 certantes
814 816 947 888 egerunt,
970 830 1089 888 qnorum
1110 830 1168 874 nno
1190 812 1219 872 id
1241 817 1286 873 ost
1309 814 1379 888 cyro

353 916 507 978 interiecto
526 915 563 976 sd
584 915 775 978 Artaxerxem
796 917 880 991 regni
902 933 1013 977 summa
1040 917 1218 992 peruenerit.
1246 917 1302 992 [18
1317 925 1333 986 e
1349 919 1379 992 1]
1404 935 1415 972 s

250 1019 328 1081 xvl.
353 1019 396 1080 De
418 1023 513 1080 terrae
536 1021 617 1080 motu
639 1035 795 1080 concussae
817 1018 942 1092 Siciliae,
965 1019 1016 1080 ubi
1030 1022 1125 1080 Aetne
1146 1033 1229 1082 mous
1251 1037 1285 1080 eo
1306 1021 1380 1084 tern-

353 1141 423 1198 pore
444 1125 545 1184 aestns
567 1139 635 1183 snos
657 1122 742 1183 solito
765 1124 916 1198 muniones
939 1123 1048 1185 effudit.
1072 1124 1127 1199 [18
1143 1125 1201 1200 to]

251 1226 345 1287 xvll.
367 1228 411 1286 De
426 1227 573 1288 obsidione
588 1225 731 1308 Veiorum,
755 1245 826 1302 qnos
843 1227 964 1288 Romani
986 1244 1050 1288 conr
1072 1245 1124 1290 sne
1147 1227 1271 1288 marimo
1292 1227 1382 1287 detri-

354 1331 448 1392 mento
470 1331 569 1390 decenn
590 1329 675 1390 aunis
698 1331 845 1392 matianis
870 1330 1053 1394 obsederunt.
1076 1331 1132 1408 [19
1147 1339 1163 1400 e
1179 1333 1207 1405 1]

251 1432 363 1494 XVIII.
385 1434 430 1494 Ds
453 1433 596 1494 Senonum
618 1433 652 1494 in
672 1432 790 1494 ltaliam
805 1434 966 1510 Vrbemque
989 1435 1156 1511 inruptione
1170 1433 1327 1510 Gallorum,
1351 1435 1417 1492 etro

353 1536 456 1610 quibus
489 1534 638 1610 shagibns
671 1535 808 1611 populum
842 1539 1031 1613 senatumque
1058 1537 1217 1598 Romanum
1251 1536 1383 1597 inaudita

274 1691 280 1701 .
352 1640 434 1713 prius
461 1637 632 1700 erudelitate
660 1641 871 1702 trucidauerint
893 1642 1025 1715 qnodque
1046 1657 1146 1702 eorum
1168 1639 1382 1701 amenissimum
1439 1667 1442 1674 ν

355 1743 494 1818 impetum
520 1743 581 1804 ictu
602 1741 755 1804 fulminum
777 1744 865 1804 Vrbis
887 1744 977 1804 fuerit
998 1744 1163 1805 incendium
1186 1743 1382 1804 subsecutum.

357 1846 412 1920 [19
428 1853 444 1912 e
459 1847 489 1922 1]

632 1976 811 2034 christus
828 1975 927 2032 LIBRI
945 1977 998 2032 111.
1393 1993 1417 2033 rs

305 2093 330 2152 Ι.
355 2088 397 2147 De
429 2105 498 2163 paee
532 2086 690 2146 Graeciea
717 2101 785 2160 rege
818 2085 975 2146 Persarum
998 2089 1160 2147 Artaxerxe
1192 2087 1284 2148 ueluti
1320 2088 1383 2147 inre

354 2190 534 2251 dominantis
556 2191 678 2263 indicta,
701 2190 805 2264 quibus
828 2193 861 2249 nt
883 2190 919 2249 ab
943 2191 1030 2249 armis
1053 2190 1235 2264 quiescerent
1256 2189 1382 2264 impera·

352 2294 406 2352 nit.
430 2295 463 2368 [1
480 2299 495 2361 t
512 2293 542 2367 1]

288 2397 328 2456 II.
351 2397 394 2455 lle
423 2395 498 2456 bello
522 2397 728 2470 Spartanorum
757 2398 842 2470 atque
865 2398 1027 2466 Persarum,
1058 2396 1133 2471 qued
1156 2393 1296 2455 adhibitis
1325 2395 1383 2455 sihi

355 2499 543 2560 auxiliaribus
572 2499 662 2574 copiis
692 2517 782 2575 usqne
812 2498 849 2560 ad
877 2502 1098 2562 internicionem
1128 2516 1215 2579 prope
1237 2498 1417 2561 Lacedae-sc

354 2603 512 2663 munierum
534 2602 584 2663 din
606 2602 790 2678 grauiterque
812 2607 975 2678 gesserunt.
1000 2606 1032 2680 [1
1049 2604 1109 2679 eo]

272 2704 330 2769 111.
354 2706 396 2765 De
418 2706 601 2779 reparatione
623 2706 845 2766 Atheniensium
868 2722 919 2781 per
943 2707 1092 2767 Cononem.
1118 2708 1149 2782 [1
1167 2706 1246 2783 913]

257 2808 329 2871 ΠΠ.
353 2808 394 2868 De
416 2809 579 2881 certamine,
602 2806 677 2882 quod
693 2825 757 2867 cnm
772 2808 931 2869 Arcadibus
946 2808 1080 2883 Spartani
1097 2812 1215 2887 propter
1229 2808 1383 2869 castellum

355 2910 497 2985 quoddam
531 2910 700 2984 adgressum
738 2912 902 2986 inruptione
935 2912 1045 2973 hirtius
1078 2914 1160 2987 quasi
1194 2914 1229 2973 de
1261 2911 1382 2987 imperio

355 3016 543 3089 desperantes
564 3014 640 3073 inter
663 3017 790 3076 extrema
812 3018 973 3091 gesserunt.
995 3012 1027 3097 [1
1045 3016 1122 3090 ean]
1391 3036 1416 3077 aa

296 3116 330 3179 V.
355 3118 397 3177 De
423 3119 518 3177 terrae
542 3120 635 3193 motu,
665 3120 740 3193 qnod
763 3118 874 3179 Achaia
896 3118 1032 3180 uniuersa
1055 3134 1193 3179 concussa
1214 3120 1286 3177 duas
1309 3117 1381 3177 eini-

354 3222 430 3279 tatcs
462 3218 628 3295 prouinciae
660 3221 764 3296 ipsius,
787 3218 817 3281 id
840 3224 885 3281 est
914 3222 1010 3282 Ebora
1042 3223 1072 3282 et
1092 3222 1202 3293 Heliae,
1233 3220 1383 3295 disruptas

355 3326 449 3383 terrae
478 3324 576 3383 hiatus
606 3322 755 3384 absorbuit
783 3326 813 3383 et
834 3324 909 3398 quod
931 3326 1033 3386 diebus
1059 3322 1134 3398 illis,
1157 3324 1261 3398 quibus
1282 3326 1383 3383 auctor

354 3428 427 3486 haec
459 3427 563 3487 scribit
589 3427 724 3502 Orosius,
759 3426 1038 3503 Constantinopolim
1064 3430 1157 3489 terrae
1185 3428 1265 3489 motu
1298 3428 1382 3501 gram

304 3627 464 3698 1111111111
480 3628 679 3683 circumuentus
765 3628 915 3685 3Deoinile
932 3629 944 3699 ΙΙ
961 3630 1110 3685 murense
1196 3626 1313 3697 dragini

252 3712 269 3766 6
286 3716 357 3771 eure
376 3714 390 3784 ΙΙ
408 3713 491 3769 ethna
575 3714 593 3767 9
609 3712 695 3768 decim
786 3716 819 3771 10
837 3715 1020 3784 inruptionem
1107 3714 1141 3769 12
1158 3712 1316 3769 orndilitate

253 3797 287 3855 13
303 3798 389 3857 ictum
405 3800 547 3857 huminum
564 3798 613 3863 (du
629 3801 725 3856 statim
742 3800 775 3855 ia
792 3800 834 3855 inl
851 3804 932 3868 caru.)

305 3902 338 3957 lb
354 3903 509 3958 Ismarrsu
524 3912 845 3965 osmsvuazuxamrms
881 3904 915 3957 16
926 3894 1013 3973 grecis
1099 3902 1131 3956 11
1144 3902 1313 3957 nominantes

253 3987 286 4042 19
303 3986 510 4057 sparthanorum
596 3988 632 4042 10
647 3990 735 4057 enpiis
754 3990 767 4059 ΙΙ
787 3990 1029 4045 lacedemoniorum
1121 3986 1155 4042 11
1173 4000 1198 4041 n
1216 3990 1282 4055 (pru
1292 3992 1340 4055 m)
1359 3990 1372 4058 [Ι

251 4088 444 4142 pereomomen·
549 4072 585 4127 211
605 4076 713 4143 partard
818 4076 853 4130 14
876 4076 990 4145 quodam
1088 4075 1122 4131 25
1145 4074 1312 4143 disperantes

251 4159 286 4213 26
302 4162 375 4213 terre
388 4161 468 4212 mutu
486 4159 502 4228 ll
520 4158 642 4213 ciuitatis
727 4160 762 4215 ‘li
781 4162 920 4231 disruptus
1006 4161 1040 4215 29
1057 4160 1325 4230 constantinopolim]
1345 4161 1380 4227 cs.

252 4244 500 4299 1111111111
517 4247 552 4299 30
569 4246 660 4313 (1875)
674 4261 704 4315 p.
723 4248 776 4301 314
797 4247 811 4318 [Ι
832 4250 901 4302 terre
