2934 4975
242 345 305 409 Ν
565 338 664 391 Pauli
680 338 795 393 Orosii
811 336 1044 390 Historiarum

167 552 188 593 ρ,
204 544 243 581 :ss
252 518 423 581 suentium.
453 533 546 596 quum
574 514 703 577 misera
722 513 755 573 et
777 526 858 573 uana
886 512 984 587 esset,
1014 510 1159 573 innotuit
1194 511 1267 573 aute
1290 509 1375 575 enim

252 620 285 685 ‘nr
306 622 493 701 ruitae-run
514 613 755 699 praeueniondae
771 611 869 676 cladis
885 612 932 676 ost
955 611 1062 677 habita
1077 614 1110 675 et
1124 614 1168 677 sic
1182 612 1375 695 pestilentia,

252 742 419 791 tenerum
445 735 509 785 est:
540 736 621 801 quaa
648 722 755 781 umen
777 716 844 780 sine
865 715 939 780 ullis
960 716 1182 781 sacrificiorum
1205 720 1374 786 satisfacti-

253 849 292 893 cn
306 829 364 891 'ets
385 822 601 891 tautummodo
621 820 796 885 secundum.
814 838 995 885 mensuram
1012 821 1117 884 armni
1132 822 1238 887 iudicii
1254 825 1376 907 expleta

204 944 240 995 ιι
253 931 444 1011 direptione
465 928 575 991 sedata
594 926 651 989 est
685 942 780 1005 quum
802 925 829 988 si
852 923 988 987 artifices
1010 922 1059 986 illi
1076 925 1411 995 circumuentiouume

253 1034 429 1115 haruspices
450 1029 510 1095 sub
531 1030 600 1111 ipca
620 1030 657 1092 nt
684 1026 827 1093 adsolent
852 1026 1059 1092 declinatione
1087 1027 1266 1095 morborum
1294 1032 1376 1099 forte

253 1138 477 1215 celebrasset,
510 1131 619 1215 procul
652 1130 749 1195 dubio
777 1128 838 1195 sibi
867 1130 916 1195 dis
946 1133 977 1194 et
1000 1130 1115 1195 ritibus
1141 1134 1205 1197 suis
1232 1136 1381 1203 reductae

252 1239 398 1305 mitaris
418 1237 552 1322 gloriam
573 1234 795 1299 uindice-ssent.
826 1234 872 1297 ita
886 1232 1001 1299 misere
1016 1236 1048 1298 et
1062 1235 1101 1299 ad
1115 1235 1283 1320 sacrilegia
1296 1242 1378 1305 male

251 1342 399 1423 religiosa
425 1340 538 1405 ciuitas
564 1337 750 1415 mendaciis,
784 1336 897 1418 quibus
925 1337 1050 1402 liberari
1072 1358 1133 1403 non
1156 1342 1295 1426 poterat,
1328 1343 1377 1407 lu·

252 1447 392 1512 debatur.
1386 1470 1412 1509 uo

204 1562 243 1617 ua
294 1548 399 1633 Igitur
411 1546 526 1613 Fabius
549 1544 659 1610 consul
682 1545 792 1609 eontra
806 1544 973 1609 Lusitanos
997 1546 1030 1609 et
1044 1546 1203 1612 Virtutum
1225 1548 1377 1616 dimicans

252 1652 401 1717 Bucciam
422 1649 589 1731 oppidum,
612 1648 694 1731 quod
716 1647 856 1711 Viriatus
879 1648 1054 1726 obsidebat,
1077 1651 1213 1733 depulsis
1236 1651 1377 1719 hostibus
1401 1662 1404 1669 ’

253 1755 400 1821 liberauit
422 1756 454 1817 et
476 1756 509 1818 in
530 1752 720 1820 deditionem
743 1769 815 1815 oum
837 1750 980 1832 plurimis
1003 1752 1074 1819 eliis
1089 1755 1228 1819 castellis
1250 1759 1377 1839 recepit.

253 1858 330 1923 iecit
351 1858 473 1923 facinus
494 1858 591 1920 etiam
613 1856 734 1919 ultimis
758 1856 897 1920 barbaris
920 1854 1078 1938 Scythiae,
1107 1874 1169 1921 nou
1193 1860 1294 1923 dicam
1316 1862 1378 1925 Ro-

253 1982 364 2027 manae
386 1961 459 2025 fidei
473 1962 507 2024 et
521 1958 737 2037 moderationi,
761 1958 959 2023 exsecrabile.
994 1960 1174 2043 quingentis
1190 1964 1412 2045 enimprin·1s

168 2106 189 2147 ‚.
206 2066 373 2148 recipitne
402 2082 526 2141 eorum,
560 2081 636 2146 quos
664 2064 810 2128 societate
837 2062 991 2128 inuitatos
1023 2063 1199 2129 *deditionis
1229 2067 1296 2129 iure
1325 2084 1379 2130 su-

252 2170 408 2250 sceperat,
431 2186 541 2231 manus
563 2165 725 2248 praecidit

204 2286 242 2339 13
295 2270 462 2353 Pompeius
494 2270 652 2352 sequentis
686 2268 760 2334 anni
794 2268 901 2334 consul
935 2269 1011 2334 fines
1035 2270 1299 2336 Numantinorum
1330 2273 1379 2337 in·

254 2391 377 2457 gressus
406 2374 534 2454 accepta
561 2378 697 2437 maxima
724 2372 813 2437 clade
842 2371 1001 2451 discessit,
1032 2392 1093 2438 non
1119 2374 1223 2440 solum
1245 2376 1379 2440 exercitu

253 2496 350 2560 paene
372 2475 458 2542 omni
480 2476 645 2559 profligato
666 2496 778 2544 uerum
801 2474 896 2540 etiem
919 2475 1064 2560 plurimis
1086 2477 1249 2556 nobilium,
1274 2480 1328 2563 qui
1351 2478 1415 2546 eisc

254 2582 386 2646 militiae
409 2581 547 2657 aderant,
571 2583 775 2663 interemptis

205 2697 243 2751 14
296 2685 435 2749 Viriatus
472 2685 576 2747 autern
615 2703 685 2747 cnm
719 2703 775 2765 per
807 2683 1057 2765 quattuordecim
1094 2703 1189 2750 annos
1224 2685 1380 2752 Romanos

254 2793 348 2856 duces
370 2792 462 2869 atque
486 2787 637 2850 exereitus
660 2787 871 2868 protriuisset‚
904 2787 1025 2852 insidiis
1048 2806 1174 2854 suorum
1196 2789 1380 2855 interfectus

254 2897 317 2968 est,
346 2891 379 2955 in
408 2892 465 2954 hoe
486 2891 551 2955 solo
572 2890 721 2956 Romanis
745 2892 826 2956 eirca
848 2909 920 2955 eum
943 2890 1066 2955 fortiter
1089 2895 1268 2973 agentibus,
1299 2894 1382 2976 quod

253 3013 445 3078 percussores
468 2995 535 3058 eius
558 2995 702 3077 indignos
724 2994 863 3076 praemio
886 2993 1072 3060 iudicarunt.
1391 3021 1416 3062 re

206 3107 243 3160 15
297 3098 341 3160 At
369 3116 427 3180 ego
453 3115 513 3161 non
546 3097 637 3161 modo
670 3115 768 3176 nuuc,
802 3116 912 3162 uerum
947 3099 1043 3164 etiem
1071 3117 1163 3180 saepe
1197 3099 1382 3164 intertexere

255 3199 392 3264 Orientis
414 3200 471 3264 illa
492 3200 722 3265 inextricabilia
743 3201 827 3264 bella
853 3204 1009 3282 poteram,
1039 3219 1118 3283 quae
1141 3219 1208 3266 raro
1232 3220 1381 3283 umquam

356 3454 495 3490 numnis·
539 3437 606 3502 §12
633 3438 736 3492 Huius
762 3440 797 3490 53
824 3443 873 3490 aut
900 3443 935 3491 54
1056 3441 1123 3504 §13
1150 3441 1252 3494 Liuius
1279 3443 1314 3494 54

254 3529 269 3588 ς
289 3523 322 3576 14
340 3525 442 3577 Liuius
459 3527 493 3575 51
514 3523 555 3588 cs.
575 3523 716 3586 Periocha,
734 3523 836 3577 Florus
854 3527 880 3588 2,
900 3529 932 3578 17
950 3529 969 3589 ss
985 3531 1026 3590 17,
1048 3525 1205 3594 Eutropius
1223 3529 1247 3590 d,
1268 3529 1313 3593 16)

305 3745 529 3813 2prueueuiendi
548 3745 575 3798 L
677 3747 821 3800 tarthani
838 3749 867 3803 R
970 3749 1140 3815 Garuspices
1158 3749 1185 3803 R
1217 3752 1229 3814 ΙΙ
1267 3749 1384 3803 assolent

255 3833 295 3886 1³²
316 3834 328 3902 Η
347 3833 438 3896 aiorte
450 3841 498 3898 (cr.
517 3836 570 3900 ri)
589 3834 618 3889 D
719 3835 735 3886 7
755 3834 950 3887 caelebraseeut
968 3833 1041 3887 ΙΝ)
1061 3835 1073 3904 ΙΙ
1096 3835 1147 3888 diis
1166 3836 1206 3890 Rb
1309 3836 1326 3889 9
1344 3851 1384 3888 ro·

255 3919 358 3984 legiosa
376 3919 417 3973 R·
520 3922 552 3975 12
569 3921 700 3989 buecinm]
720 3920 854 3983 LDAGg
890 3919 1006 3974 bacciam
1024 3920 1074 3974 Ro
1108 3921 1224 3974 boecium
1248 3921 1272 3974 Τ
1299 3921 1311 3991 ΙΙ
1338 3921 1384 3975 ob·

255 4002 365 4057 sedebat
386 4005 413 4060 R
517 4008 550 4061 14
574 4009 673 4075 seytiue
695 4007 723 4060 R
762 4006 868 4073 bythiae
891 4007 918 4057 D
1022 4007 1055 4060 15
1073 4008 1233 4060 ereecrubile
1251 4015 1341 4072 (eroso
1360 4015 1383 4069 s)

255 4093 283 4146 R
312 4092 324 4160 ΙΙ
354 4093 422 4144 ·d·¹³·
440 4093 542 4157 (licut
560 4099 604 4158 cr.)
623 4095 652 4148 R
762 4091 937 4160 aopnezte
1048 4094 1082 4146 22
1100 4093 1204 4160 periuat
1222 4096 1286 4146 tuor
1301 4093 1384 4146 dicim

255 4179 286 4232 D
312 4179 325 4248 ΙΙ
353 4193 423 4232 xum
440 4179 468 4234 R
570 4181 605 4234 26
621 4179 661 4248 at]
680 4179 704 4231 rt
722 4178 750 4232 R
851 4177 884 4231 21
903 4177 980 4232 illum
1000 4177 1029 4231 D
1056 4180 1069 4248 ll
1097 4177 1293 4232 inextricabilia
1312 4180 1383 4232 bolla

256 4283 306 4320 orn.
324 4266 354 4318 D
376 4266 388 4334 ΙΙ
411 4265 580 4319 inertrabilia
599 4264 639 4320 R*
662 4265 675 4333 ΙΙ
696 4263 1184 4333 beliaiamp.udd.m.sori.1in
1201 4265 1229 4320 B
