2934 4975
433 369 614 427 aduersum
631 386 783 441 paganos
801 370 826 427 V
853 373 877 429 1.
1155 374 1217 439 211

79 544 185 610 uincit
215 546 282 610 tam
313 543 482 610 infeliciter
514 544 664 630 quidquid
696 549 783 611 entra
812 546 945 613 Romam
978 550 1027 613 est
1061 546 1207 611 uincitur.

80 647 192 732 quanti
221 646 319 733 igitur
346 648 508 733 pendenda
536 652 587 714 est
616 651 709 732 gutta
737 648 814 715 haec
836 648 1011 716 laboriosae
1033 648 1238 729 felicitates

79 753 136 817 cui
157 751 346 817 adscribitur
365 751 460 816 unius
477 749 564 816 urbis
579 751 738 818 beatitudo
753 750 786 816 in
801 752 891 818 tanta
906 752 986 819 mole
1002 751 1209 831 infelicitatis,

79 874 139 939 per
172 872 265 937 quam
299 854 405 937 agitur
438 854 535 920 totius
560 851 650 920 Orbis
684 855 827 922 euersis?
865 858 920 921 ant
950 854 978 920 si
1010 855 1078 923 ideo
1105 856 1210 923 felicia

57 959 243 1043 eputentur,
266 959 340 1039 quia
361 958 455 1023 unius
477 957 618 1024 ciuitatis
640 976 714 1041 opes
729 961 839 1025 auctae
853 961 935 1039 sunt,
959 977 1014 1025 cur
1028 978 1090 1025 non
1104 960 1208 1044 potius

79 1060 301 1127 infelicissima
322 1060 506 1140 iudicentur,
530 1062 642 1144 quibus
658 1062 834 1129 miserabili
849 1062 1024 1129 testatione
1038 1061 1209 1128 multarum

80 1182 120 1229 ac
141 1166 220 1231 benc
247 1164 465 1231 institutarum
493 1164 635 1249 gentium
657 1164 870 1249 potentissima
891 1182 988 1248 regna
1010 1166 1210 1232 ceciderunt?

80 1284 124 1333 an
152 1266 232 1331 forte
263 1267 350 1333 aliud
382 1269 459 1333 tuno
486 1266 671 1351 Carthagini
698 1268 879 1348 uidebatur,
914 1287 987 1334 curn
1014 1270 1087 1350 post
1114 1274 1238 1334 annoso

80 1372 209 1436 centum
229 1372 355 1457 uiginti,
377 1369 490 1455 quibus
504 1372 595 1437 modo
610 1372 766 1437 bellorum
779 1371 882 1438 clades
899 1373 990 1438 modo
1005 1371 1090 1455 pacis
1106 1371 1210 1438 condi·

44 1474 187 1540 acciones
198 1476 444 1558 perhorrescens,
460 1494 543 1541 nunc
554 1474 665 1542 rebelli
675 1474 848 1541 intentione
862 1493 945 1541 nunc
960 1474 1102 1558 supplici,
1119 1474 1210 1540 bellis

80 1595 204 1661 pacem,
225 1596 301 1663 pace
324 1578 410 1645 bella
431 1581 586 1658 mutabat,
610 1578 779 1662 nouissime
801 1578 923 1644 miseris
948 1578 1069 1644 ciuibus
1092 1578 1210 1661 passim

80 1700 117 1747 se
144 1681 179 1746 in
207 1684 313 1767 ignem
339 1683 456 1748 ultima
481 1682 693 1766 desperatione
715 1682 900 1748 laniantibus
922 1698 1003 1747 unus
1026 1697 1119 1763 rogus
1142 1682 1211 1746 tota

80 1783 193 1851 ciuitas
217 1785 300 1852 luit?
333 1788 383 1851 cni
401 1786 605 1864 etiamnunc,
628 1786 831 1867 estaperseo,
855 1786 1014 1851 moenibus
1030 1784 1209 1861 destitutae,

78 1906 154 1970 pars
169 1888 367 1955 miseriarum
382 1892 429 1954 est
442 1891 549 1954 audire
563 1888 638 1971 quid
650 1887 755 1954 inerit.
771 1890 843 1954 edat
854 1888 1009 1971 Hispania
1019 1886 1238 1954 consenciens

44 2009 190 2056 saeuam:
219 2009 291 2056 cum
320 2010 376 2074 per
404 2009 502 2056 annos
525 1992 676 2057 ducentos
698 1991 815 2074 ubique
845 2008 934 2075 agros
963 2008 1035 2057 suos
1058 1990 1210 2075 sangnine

79 2112 139 2159 suo
162 2094 286 2180 rigabat
307 2095 569 2177 inportunumque
593 2093 713 2159 hostem
732 2095 816 2160 ultro
831 2094 969 2161 ostiatim
986 2094 1210 2177 inquietantem

79 2214 142 2263 nec
163 2196 312 2280 repellere
334 2200 457 2281 poterat
472 2214 531 2263 nec
545 2196 710 2276 sustinere,
733 2215 806 2262 cum
828 2216 861 2263 se
883 2200 947 2263 suis
970 2196 1101 2263 diuersis
1123 2194 1210 2262 urbi·

78 2300 143 2366 bus
166 2318 203 2367 aa
225 2300 313 2377 locis,
338 2300 429 2366 fracti
449 2301 543 2367 caede
557 2300 720 2378 bellorum,
743 2298 938 2366 obsidionum
953 2300 1035 2367 lame
1050 2298 1210 2376 exinaniti,

77 2404 256 2471 interiectis
284 2405 464 2489 coniugibus
493 2421 529 2469 ac
556 2402 662 2470 liberis
688 2408 753 2467 suis
782 2405 821 2469 ob
849 2404 986 2469 remedie
1013 2403 1210 2470 miseriarum

42 2521 231 2576 ”mnoursu
253 2509 367 2575 misero
390 2526 426 2575 ac
447 2511 557 2574 mutua
579 2512 670 2575 caedo
692 2507 891 2594 iugulabant
913 2544 956 2557 -
978 2509 1053 2593 quid
1075 2512 1151 2574 tunc
1172 2510 1209 2573 de

186 2727 328 2768 aemonae
364 2717 380 2779 5
397 2713 415 2767 6
432 2727 517 2767 annos
534 2711 661 2767 ducentos
679 2713 716 2780 cf.
736 2716 762 2780 6,
780 2715 851 2778 213
868 2717 884 2767 1
901 2718 928 2767 ct
945 2715 970 2778 7,
988 2716 1022 2768 41
1041 2715 1096 2777 §2

136 2902 152 2955 1
176 2900 277 2958 niincit
294 2900 382 2968 (tim
399 2915 436 2954 cr.
454 2917 489 2954 sn.
507 2901 538 2967 2)
555 2897 586 2954 D
613 2897 626 2969 11
653 2897 780 2969 quicquid
798 2895 867 2952 RD·
976 2897 993 2952 'l
1017 2893 1168 2968 mcldeuuut
1186 2899 1212 2965 (e

78 2987 203 3055 *ΜΒ
305 2984 534 3055 dan]uuacV
558 2985 570 3056 ΙΙ
599 2982 1029 3054 1ιήὴαςο(οίπίηἰηι.2)11
1074 2982 1212 3053 lutagini

80 3111 113 3162 Π
145 3109 281 3178 αηιςίηὶ
295 3106 352 3163 GV
370 3107 382 3178 ΙΙ
401 3105 552 3176 uidebatur]
572 3076 715 3161 debitatur
732 3106 758 3170 (a
774 3119 796 3161 s.
815 3119 836 3161 s.
854 3121 889 3160 m.
908 3107 938 3172 2)
956 3103 987 3161 D
1008 3103 1021 3174 ΙΙ
1043 3103 1112 3173 cum]
1131 3119 1212 3173 quum

81 3233 156 3286 Aut
165 3231 327 3301 plerumque
429 3228 571 3282 ticonium
583 3225 695 3296 uiginti]
707 3224 805 3293 DAX‚
841 3238 897 3281 cxx
914 3223 1000 3283 RDG
1020 3219 1039 3296 ΙΙ’
1052 3195 1214 3308 conducamus

82 3338 167 3404 (corr.
185 3350 221 3388 ss.
239 3336 275 3401 25
298 3338 434 3403 paccatum
452 3347 477 3400 q.
497 3346 519 3388 e.
537 3329 588 3384 sab
607 3329 617 3383 i
635 3329 695 3400 [aio]
712 3329 807 3385 atatim
824 3328 940 3386 demum
959 3331 1007 3394 est)
1029 3329 1057 3381 D
1100 3327 1213 3384 conditi·

81 3437 149 3476 ones
165 3419 194 3475 R
289 3418 322 3472 10
338 3417 465 3487 supplici]
482 3415 653 3484 amovit,
689 3415 812 3486 supplicii
826 3415 865 3472 Β·
901 3413 1039 3484 suppliciis
1049 3413 1179 3469 R²D¹llls

81 3505 214 3576 supplicis
230 3504 271 3561 D*
299 3504 312 3576 ll
339 3503 429 3573 bellis]
446 3500 779 3571 DAGVX2KMFNTO
796 3507 823 3556 ct
839 3507 871 3556 ut
887 3500 945 3556 uid.
964 3499 1005 3557 Β·
1039 3501 1104 3554 belli
1122 3499 1215 3564 (bellis

80 3594 122 3661 Β)
149 3593 206 3648 llll
257 3590 371 3646 bellob
485 3589 518 3644 11
547 3604 639 3659 pacem
664 3604 714 3643 om.
742 3587 802 3644 ΕΠ
838 3587 851 3657 ΙΙ
891 3602 954 3656 pace
980 3586 1052 3642 bella
1078 3585 1214 3655 mutabat]

81 3675 358 3748 ammisso
381 3675 515 3745 (metebat
537 3674 569 3745 0)
613 3690 677 3745 paco
698 3673 799 3729 bellum
823 3671 968 3727 mutabant
994 3673 1024 3727 D
1059 3673 1129 3728 telle
1152 3687 1215 3742 pace

80 3765 210 3822 mutsbat
232 3765 258 3820 θ
289 3779 316 3834 p.
334 3779 371 3818 m.
390 3762 415 3817 b.
433 3761 452 3817 lu
479 3761 493 3834 ΙΙ
520 3761 668 3830 nouissime
685 3762 711 3829 (e
728 3764 760 3814 isc
777 3762 801 3825 c)
819 3758 848 3817 It
952 3759 985 3813 12
1003 3759 1214 3844 desperacionem

82 3856 122 3924 (..
146 3867 181 3907 ss
199 3854 230 3917 2)
248 3851 277 3906 D
305 3851 319 3921 ΙΙ
345 3847 494 3905 nanubm
511 3847 542 3903 D
646 3846 679 3902 14
698 3861 766 3916 quae
785 3845 851 3913 DX,
883 3845 896 3916 ΙΙ
924 3843 997 3915 edat]
1015 3844 1100 3899 Dtdat
1118 3844 1147 3898 D

82 3933 584 4006 uacua(·forc.eceorr.aoo.)1>
606 3933 619 4004 ΙΙ
641 3930 826 4000 ducentole
861 3929 1213 4002 comtemptores.

80 4041 118 4080 na
138 4023 201 4080 10
305 4022 338 4078 16
355 4021 485 4093 rigebant
501 4018 531 4075 D
567 4020 579 4091 ΙΙ
617 4017 739 4074 ostiatim
759 4019 800 4074 D¹
844 4017 987 4072 hostiatim
1005 4017 1144 4086 Rumam

83 4111 118 4167 17
135 4112 263 4180 poterant
279 4107 309 4165 D
409 4108 443 4162 18
460 4121 491 4161 ac
509 4122 559 4162 om.
576 4107 605 4160 A
625 4105 637 4177 ΙΙ
656 4103 746 4174 iuncti]
764 4104 838 4159 DAo
855 4103 934 4172 (locis
951 4103 1041 4166 tracti,
1058 4107 1085 4170 u)
1119 4103 1215 4158 fractis

81 4195 239 4263 Rusoni,
258 4192 640 4264 cfi4,991ssobsidiorum
653 4192 698 4260 D,·
715 4191 750 4259 cs.
763 4189 912 4246 obsidionis
923 4189 994 4245 lame
1006 4192 1033 4256 6,
1045 4192 1080 4244 21
1098 4192 1146 4254 65

81 4282 120 4338 ab
136 4282 183 4351 qui
200 4281 242 4338 R·
