2934 4975
240 351 306 418 590
564 349 662 404 Pauli
681 349 796 406 Orosii
814 350 1048 406 Historiarum

249 527 323 586 XXI.
348 529 390 586 De
412 529 489 588 Varo
515 526 653 599 Quintilio
676 527 853 602 reipublicae
876 544 940 588 curn
963 529 1056 588 tribus
1079 529 1238 603 legionibus
1262 548 1280 589 a
1308 531 1377 590 ller-

350 633 443 690 manis
473 631 613 702 extincto,
643 629 819 704 Bosporanis
841 648 909 691 uero
932 631 969 691 ab
992 633 1123 707 Agrippa
1146 634 1181 693 ad
1205 633 1377 694 deditionem

352 734 459 793 coactis
493 734 522 793 et
555 733 669 794 foedere
702 733 888 806 Parthorum,
922 733 996 807 qnod
1024 738 1060 794 ab
1084 737 1214 810 Angusto
1245 737 1375 808 (laesere,

351 836 445 912 siguis
467 853 541 911 qnae
565 837 668 896 Crasso
690 837 790 896 ablata
813 837 932 897 merant
954 837 1114 913 restitutis,
1145 837 1218 898 fusis
1246 842 1377 914 precibus

351 941 481 1014 datisque
503 939 650 999 obsidibus
671 941 848 1001 mernerunt.
872 941 1021 1015 [21121]
1398 958 1411 999 s

248 1042 337 1101 xxn.
361 1041 402 1101 De
424 1059 503 1118 paee,
533 1059 615 1117 qnam
646 1042 774 1102 eiusdem
796 1043 921 1116 Augusti
943 1043 1080 1104 solicitata
1104 1047 1223 1106 cunctus
1246 1045 1377 1106 contiuno

352 1145 437 1207 Orbis
459 1145 591 1220 obtinuit,
615 1148 644 1205 et
666 1147 741 1220 quod
775 1146 918 1206 dominnm
941 1164 973 1207 se
995 1147 1127 1208 edentem
1150 1149 1231 1208 ludos
1263 1150 1378 1210 omniuo

351 1251 447 1309 uocari
470 1250 657 1324 prohibuerit.
683 1252 738 1326 [22
757 1251 817 1325 31]

249 1351 353 1412 xxm.
378 1353 420 1410 De
450 1353 603 1412 natiuitate
636 1349 744 1413 domiui
778 1353 869 1414 nostri
891 1355 958 1414 lesu
981 1352 1091 1413 Christi
1119 1355 1274 1429 eodemque
1303 1369 1377 1414 anno

351 1469 438 1514 censu
461 1456 494 1516 in
515 1457 634 1516 ennoias
656 1457 822 1530 prouincias
846 1457 924 1516 insen
948 1455 1080 1516 Caesaris
1103 1456 1222 1530 agitato.
1246 1459 1301 1534 [22
1318 1457 1377 1531 11]
1388 1478 1411 1519 ιο

625 1621 802 1676 CAPITVLA
820 1621 919 1676 LIBRI
938 1621 998 1676 vll.

302 1734 326 1790 Ι.
351 1733 393 1792 De
416 1749 449 1792 eo
471 1731 546 1806 qnod
576 1733 684 1806 pagani
713 1731 794 1806 impii
824 1731 963 1805 loquendo
984 1732 1187 1807 blasphemant
1208 1735 1378 1807 quaerentes

332 1835 419 1908 ·qnid
442 1852 545 1897 censae
570 1833 665 1907 inerit,
688 1837 721 1894 ut
742 1850 831 1909 prope
853 1834 882 1893 iu
906 1841 1034 1894 extrema
1055 1837 1138 1908 parte
1160 1837 1337 1896 meoniorum
1360 1853 1378 1896 a

352 1955 419 1998 nero
442 1939 501 1999 Deo
523 1937 680 1997 Romanum
714 1937 881 1997 conderetur
906 1937 1073 2016 imperinm,
1108 1954 1170 1998 curu
1200 1937 1272 1998 illud
1301 1956 1377 1998 nane

348 2042 466 2102 credaut
488 2058 506 2099 a
529 2042 586 2101 diis
609 2040 670 2100 suis
691 2041 789 2116 potius
813 2041 979 2102 surrexisse.
1005 2041 1117 2116 [111]
1388 2065 1411 2104 rs

284 2145 323 2203 11.
349 2143 429 2214 Quod
451 2145 597 2202 Romanae
618 2142 699 2202 urbis
721 2157 773 2200 seu
801 2143 956 2218 potestatis
980 2141 1123 2202 exordium
1145 2142 1305 2218 Babylonia
1328 2159 1376 2202 ca·

351 2246 436 2304 deute
468 2245 623 2305 surrexerit
655 2248 684 2306 et
717 2247 791 2320 quod
821 2245 992 2320 principalia
1013 2263 1105 2321 regua
1126 2245 1259 2306 similiter
1282 2246 1309 2306 id
1333 2249 1377 2306 est

349 2348 531 2408 Macedoniae
567 2351 653 2422 atque
689 2348 805 2409 Africae
846 2367 937 2423 aequa
975 2349 1175 2424 propemodum
1218 2351 1377 2424 temporum

351 2451 553 2527 subputatione
576 2452 762 2526 regnaueriut
784 2452 914 2527 qnodque
939 2468 1012 2513 auno
1028 2453 1284 2527 septingentesimo
1307 2469 1374 2513 ron·

352 2556 470 2616 ditionis
486 2572 555 2617 suae
569 2556 708 2615 incertum
723 2556 800 2615 nude
815 2555 968 2631 surgentia
982 2556 1101 2629 reliquis
1119 2556 1255 2631 grauiora
1271 2556 1376 2617 Vrbem
1385 2574 1412 2615 ro

349 2659 485 2719 incendia
508 2659 758 2735 conflagrauerint.
783 2660 892 2734 [211]

268 2765 323 2822 ΠΙ.
347 2762 427 2832 Quod
450 2765 567 2823 sanctus
582 2763 729 2822 Abraham
752 2763 823 2822 Nini
845 2762 924 2837 regis
940 2763 1113 2839 Babyloniae
1135 2761 1376 2837 quadragensimo

349 2865 437 2926 tertio
452 2866 537 2941 regui
552 2883 627 2927 anno
643 2867 727 2926 uatus
747 2866 844 2941 fuerit,
861 2882 895 2925 ex
911 2866 991 2927 cuins
1008 2866 1114 2925 semine
1131 2865 1261 2925 dominns
1277 2868 1375 2927 noster

349 2974 431 3031 Iesus
447 2970 577 3031 Christus
600 2974 660 3030 toto
684 2987 760 3031 anno
783 2969 895 3043 imperii
911 2970 1038 3045 Augusti
1055 2969 1188 3031 Caesaris
1211 2986 1246 3028 ex
1262 2969 1376 3044 uirgine

348 3074 429 3133 nasci
452 3075 588 3147 dignatus
611 3075 659 3133 sit.
684 3074 809 3150 [2111]
1386 3094 1414 3135 aa

254 3178 323 3237 IIII.
347 3177 437 3248 Quoto
460 3193 533 3235 anno
556 3177 593 3237 ab
618 3178 697 3237 Vrbs
720 3178 836 3237 condita
858 3175 964 3237 domini
982 3178 1011 3235 et
1025 3176 1181 3237 saluatoris
1196 3176 1287 3235 nostri
1310 3177 1376 3235 nui·

348 3296 433 3339 uerso
449 3278 518 3338 Orbi
541 3279 668 3339 carnalis
689 3280 831 3341 aduentus
853 3279 991 3341 inluxerit
1013 3282 1042 3339 et
1060 3280 1094 3340 de
1110 3297 1180 3341 nece
1196 3280 1226 3338 in
1241 3279 1376 3340 Bethlem

350 3385 414 3443 acta
436 3382 516 3441 iussu
540 3382 665 3444 Herodis
687 3383 840 3443 infantum.
865 3386 929 3459 [ac
946 3382 975 3456 1]

299 3566 400 3620 inario
493 3564 671 3620 2boslorauis
691 3565 704 3635 ΙΙ
724 3565 859 3620 deditione
949 3566 1010 3635 lq:
1022 3581 1114 3636 grasso
1133 3566 1146 3636 [Ι
1167 3565 1306 3633 praecibus

243 3653 372 3720 Gagnsti
391 3651 515 3707 filicitate
619 3651 728 3706 turbis

299 3757 330 3808 11
349 3753 744 3834 inermus-crinnpsrnzl
762 3755 873 3822 (littaris
885 3755 988 3823 rubris)
1063 3754 1097 3808 12
1115 3754 1212 3823 pagani
1231 3754 1271 3821 (ui
1283 3755 1379 3808 statim

244 3844 329 3906 eam)
417 3840 725 3910 repropein1pr0pem
814 3840 846 3895 14
859 3855 966 3895 romano
1057 3839 1194 3907 1opueina
1284 3840 1315 3893 lo
1328 3838 1378 3893 ba-

245 3926 365 3995 byllonia
453 3928 484 3979 ll
503 3928 648 3981 surrexerit
664 3929 839 3981 iarae.m.1
925 3928 958 3980 18
975 3928 1036 3995 atq:
1054 3927 1085 3979 ia
1097 3942 1152 3980 raa.
1165 3942 1199 3979 m.
1213 3930 1228 3979 1
1248 3924 1261 3995 ΙΙ
1282 3940 1378 3995 prope-

244 4012 322 4067 modo
419 4013 452 4065 19
469 4012 716 4082 septingentisaimo
811 4012 846 4067 20
863 4014 1036 4067 incentum·
1087 4002 1129 4065 '22
1147 4013 1180 4065 io
1202 4012 1298 4066 Oresio
1315 4013 1378 4080 ipso

244 4101 327 4156 basiae
343 4115 403 4168 cop.
421 4100 533 4153 initium
545 4116 595 4154 aec
605 4114 719 4153 numero
731 4116 781 4154 aar
793 4100 889 4154 littera
899 4100 1003 4153 miore
1014 4088 1169 4153 indotatam
1186 4091 1226 4152 aet
1245 4099 1257 4168 ll
1269 4097 1378 4167 babyl-

244 4188 334 4240 louias
436 4186 470 4239 23
488 4184 572 4238 inerit
588 4187 680 4240 actim
697 4201 731 4239 ea
749 4185 804 4239 init
832 4185 968 4259 {haimino
1021 4176 1023 4181 ’
1067 4176 1106 4237 '24
1124 4182 1194 4252 toto]
1212 4176 1376 4254 issaanoto

244 4273 379 4327 Abraham
400 4277 426 4327 at
444 4289 468 4340 q.
485 4288 506 4326 a.
532 4272 544 4341 ΙΙ
566 4272 659 4342 agneti
763 4270 797 4325 26
815 4271 942 4325 nninersn
1045 4270 1077 4325 27
1096 4270 1159 4324 orbe
1230 4318 1233 4327 Δ
1321 4262 1324 4270 ¹
