2934 4975
484 336 640 404 ospitale
662 334 719 390 lib.
739 333 849 390 ll.llI.
1170 335 1230 405 571

198 512 368 587 flammaque
391 511 514 573 oaelitue
536 512 657 586 iesuper
679 511 840 572 inminente
861 509 983 572 maximo
1001 512 1099 585 patuit
1113 511 1226 572 obieeta

197 613 358 676 discrimini
388 615 558 689 tantamque
590 615 662 674 mam
693 614 749 676 Ilei
777 613 897 676 Aroaffii
927 613 1055 676 orauere
1084 609 1224 688 principis

197 737 262 780 eum
288 717 500 794 supplicatione
525 719 615 780 totius
643 717 743 793 populi
766 717 925 780 Christiani
946 719 1059 780 oonstot
1081 733 1223 780 auersam.

200 823 234 897 [3
250 830 265 891 s
281 824 311 897 1]
824 827 829 844 “

77 960 89 998 ι
113 943 171 1014 ru
195 943 238 1002 no
260 944 382 1004 neura
400 943 604 1018 munaum,
626 960 714 1018 quen
736 945 771 1004 se
793 942 907 1004 unae
929 920 1053 1004 rumen
1077 960 1111 1006 ae
1133 943 1222 1002 rse-

197 1047 330 1121 nestinis,
352 1047 403 1122 qai
423 1047 523 1109 multis
544 1050 624 1109 retro
638 1048 818 1122 temporibus
832 1045 1016 1109 infestissimi
1031 1046 1104 1108 Vrbi
1126 1046 1223 1106 hostes

197 1150 341 1228 astabunt
364 1149 459 1212 uolooi
480 1151 620 1212 felioitete
640 1150 780 1212 tulerunt.
804 1151 838 1226 [3
854 1159 869 1220 a
884 1153 915 1228 4]

104 1268 170 1329 VII.
194 1267 237 1328 De
258 1269 430 1344 pestilentis
445 1269 533 1331 Vrbis
557 1272 642 1346 atquo
664 1271 805 1346 prodigio,
829 1285 893 1331 oum
908 1269 991 1330 hiatu
1005 1271 1086 1331 terro
1100 1269 1224 1331 terribili

198 1387 269 1431 ese
296 1374 387 1432 saissa
407 1371 552 1434 nissiluit:
585 1374 616 1433 in
642 1389 726 1448 quom
749 1374 866 1434 Marone
889 1373 1004 1434 curum
1028 1390 1116 1448 eques
1139 1374 1223 1434 uiuus

63 1496 87 1536 1o
197 1476 299 1550 sponte
321 1476 479 1538 deseendit.
504 1477 540 1552 [4
554 1483 570 1545 t
586 1478 615 1550 ι]

94 1594 179 1656 VIII.
204 1597 246 1657 Do
276 1597 404 1658 secunda
433 1599 600 1676 inruptione
623 1598 765 1674 simulque
788 1599 979 1660 internicione
996 1595 1152 1669 Gallorum,
1175 1597 1224 1672 qui

198 1717 255 1760 uon
276 1699 363 1776 longo
384 1701 421 1761 ab
436 1702 514 1763 Vrbe
536 1701 677 1763 eblanlio
699 1701 843 1776 Torquato
865 1704 895 1761 et
909 1699 1025 1773 Quintio
1048 1715 1081 1761 ao
1097 1699 1224 1776 Sulpicio

197 1803 386 1864 diotetoribus
408 1805 553 1879 superati,
579 1805 647 1864 ium
670 1821 876 1880 superorum
897 1806 1070 1866 maritimam
1093 1801 1224 1865 diffudis-

197 1909 272 1982 sent,
295 1909 333 1967 oo
354 1911 513 1969 extremum
543 1925 561 1966 a
587 1909 683 1969 llaroo
708 1908 832 1982 Valerio,
860 1911 910 1982 qui
942 1907 1055 1968 (lullum
1083 1906 1224 1982 quonism

60 2031 84 2070 ιε
197 2007 243 2069 oui
266 2010 411 2085 singulari
426 2026 524 2086 pugna
545 2010 671 2072 conflixit
694 2011 773 2071 oorui
794 2011 911 2072 adiutus
935 2011 1040 2072 auxilio
1064 2009 1222 2086 superauit,

196 2113 268 2173 uicti
291 2115 378 2188 atque
399 2113 536 2175 truoiiati
558 2117 636 2175 sunt.
660 2115 769 2190 [651]

93 2235 193 2296 vmr.
215 2237 259 2296 De
287 2238 425 2311 tempore,
456 2253 511 2312 quo
539 2239 707 2312 petentibus
730 2236 1019 2313 carthaginiensibus
1051 2251 1150 2312 paoem
1180 2235 1224 2294 ‹li-

194 2357 280 2401 uerea
301 2341 407 2401 Romae
427 2340 561 2416 prodigia
581 2341 817 2416 praesenserunt,
846 2342 976 2416 quodque
1004 2340 1094 2400 iselam
1122 2339 1223 2400 diebus
1352 2355 1357 2370 ·

198 2443 372 2506 lmaxemes
386 2445 557 2507 brdaoorum
579 2445 697 2521 gentem
718 2446 794 2507 bello
816 2447 985 2523 superatam
1004 2445 1033 2505 in
1050 2442 1223 2521 Hprosniam

59 2566 87 2606 eo
156 2548 161 2555 '
198 2548 323 2621 plurima
352 2565 387 2610 or
414 2552 498 2623 parto
521 2549 723 2623 transtulerit,
754 2550 916 2626 aegyptios
938 2566 1049 2626 quoquo
1071 2550 1224 2611 Persarum

198 2650 286 2712 simul
306 2668 398 2727 regno
420 2652 591 2716 subdiderit.
617 2655 650 2729 [7
666 2655 727 2727 ts]

141 2772 176 2835 X.
200 2772 282 2846 Quod
305 2774 457 2833 aduersum
471 2773 614 2833 Samnites
636 2773 739 2849 grauia
760 2773 827 2833 ilioe
842 2773 978 2835 Romanis
1000 2773 1077 2834 bella
1092 2773 1225 2845 suscepta

196 2877 256 2936 sint
285 2894 319 2936 eo
340 2876 460 2936 Latinos
489 2862 680 2937 nihilominus
709 2876 883 2938 rebellantes
913 2876 1037 2937 blonlius
1063 2874 1225 2950 Torquatus

199 2981 298 3043 consul
319 2979 431 3042 uioorit.
456 2979 489 3054 [8
504 2979 563 3053 51]

60 3118 86 3159 ee
122 3100 176 3162 x1.
198 3100 242 3162 De
255 3099 401 3161 llinuoiae
422 3098 548 3176 uirginis
562 3100 693 3162 Vestalis
715 3102 827 3161 inoestu
843 3102 929 3176 atque
951 3101 1083 3174 interitu,
1099 3102 1130 3162 ot
1151 3100 1228 3175 quod

200 3204 293 3266 isdem
313 3202 415 3264 diebus
437 3202 578 3279 plurimae
598 3206 630 3265 in
644 3205 723 3267 Vrbe
745 3207 942 3266 matronarum
964 3205 995 3267 in
1013 3204 1152 3265 malessoio
1175 3204 1225 3262 da·

198 3310 295 3369 teetse
317 3309 439 3383 punitae
461 3309 538 3371 sint.¹
557 3304 591 3388 [9
606 3317 622 3377 t
637 3307 669 3388 5]

108 3429 177 3492 XII.
199 3428 243 3490 De
266 3431 431 3491 Alexandro
447 3428 634 3505 Epirotarum
656 3448 736 3507 rege,
753 3430 909 3492 Alexandri
931 3430 1012 3491 illius
1035 3430 1084 3505 qui
1106 3431 1226 3490 uoostur

199 3532 326 3608 Magnus
340 3533 492 3610 auunculo,
507 3534 714 3595 aSamnitibus
729 3535 807 3596 uioto
822 3538 909 3611 atque
924 3533 1080 3595 interfooto.
1097 3534 1151 3610 [11
1168 3533 1224 3605 ξι]

148 3784 302 3863 buiotmia
320 3784 335 3855 {1
355 3784 541 3855 quidouulsois
560 3786 588 3854 (d
606 3788 638 3842 ie
655 3802 710 3842 rae.
729 3790 803 3853 m.1)
893 3787 908 3841 l
930 3786 1016 3843 ueluoi
1035 3783 1160 3841 filieitate

96 3906 115 3959 o
139 3906 231 3974 quem]
253 3919 307 3976 quo
334 3908 348 3978 p
377 3908 483 3963 messe
604 3909 640 3962 ro
662 3908 742 3962 use
764 3908 845 3977 pones
868 3879 980 3963 osseis
997 3907 1018 3973 (r
1036 3907 1068 3961 oe
1084 3922 1117 3961 sn
1134 3906 1227 3961 suem

96 3994 183 4059 soor.)
267 3992 302 4048 13
319 4008 367 4048 ora
377 3990 515 4049 maritime
601 3993 766 4049 oteramo
851 3993 884 4048 17
897 3990 1160 4063 obertuginiensibus

97 4078 133 4131 18
149 4077 256 4133 hisdem
341 4081 377 4136 19
392 4080 542 4137 biroauiarn
629 4080 810 4150 20p1urimt·
829 4081 843 4151 ΙΙ
860 4081 1004 4151 aegyptius
1089 4078 1124 4133 22
1141 4078 1227 4145 Quod]

96 4162 197 4233 Dequm
294 4164 331 4219 bt
346 4166 439 4221 ooasol
456 4166 576 4234 emicent
592 4168 794 4235 (interpunctio
811 4182 846 4221 eo
862 4182 933 4222 eoae.
951 4180 984 4222 eu.
1004 4171 1032 4233 1)
1133 4164 1168 4218 ab
1185 4162 1227 4216 in·

97 4250 179 4304 terito
266 4248 301 4305 26
317 4251 423 4306 hisdem
511 4252 546 4307 28
563 4251 704 4313 slomulri.
716 4252 737 4321 (i
748 4254 845 4309 aream
855 4268 890 4308 ex
902 4268 917 4307 o
929 4254 1009 4319 eurr.)
1030 4252 1042 4321 ΙΙ
1064 4249 1172 4320 quilpui
