2934 4975
521 333 679 404 capitula
702 333 760 388 lit.
780 333 837 388 Vll.
1178 338 1241 406 597

203 511 317 586 decepti
332 509 402 582 sint,
418 511 452 569 de
466 508 649 582 eiusdemque
660 510 785 584 Augusti
801 511 847 570 nol
864 511 992 584 uictoria,
1009 529 1092 586 quam
1109 514 1231 588 sumpsit

204 631 237 673 ex
259 613 370 687 Gothis,
394 614 442 674 uel
464 613 554 674 obitu.
578 613 633 687 [28
649 621 664 681 t
678 614 708 686 t]

121 734 181 794 XI.
205 734 286 805 Quod
308 736 394 794 huius
416 734 470 794 tilii
492 733 678 796 coustantius
700 736 731 794 at
749 733 890 794 consuas
912 734 1026 809 imperii
1050 751 1229 798 successores

203 837 371 917 extiterint,
406 855 526 914 quorum
560 855 617 898 uno
651 837 681 896 id
714 839 760 898 est
791 837 957 898 constantIo
993 838 1092 899 lanoro
1117 841 1229 900 Arrium

76 954 90 994 ὁ
201 944 391 1017 prosequente
428 942 558 1001 haeresis
592 942 737 1002 Arrianae
774 940 935 1001 damnabile
973 944 1088 1003 saeculo
1126 944 1230 1018 dogma

202 1042 335 1103 diffusum
367 1043 422 1114 sit,
458 1045 488 1102 et
520 1044 594 1116 quod
628 1042 703 1102 idem
736 1042 919 1103 Constantius
949 1045 1043 1104 motus
1075 1043 1228 1105 multorum

201 1146 361 1205 cohibuerit
387 1148 587 1221 tyrannorum,
619 1162 682 1206 cum
705 1145 824 1206 Parthis
848 1163 958 1221 quoque
980 1147 1140 1223 proeliatus
1163 1149 1229 1207 dum

200 1249 350 1310 aduersum
364 1250 506 1310 Iulianum
523 1253 639 1312 acturus
661 1250 769 1310 bellum
793 1251 877 1310 ciuile
899 1254 1051 1326 remearet,
1076 1251 1108 1311 in
1124 1251 1228 1312 itInerc

199 1353 296 1412 morbo
329 1355 505 1426 praeuentus
539 1352 642 1412 obierit
674 1353 805 1427 quodque
836 1352 927 1414 frater
960 1353 1053 1428 ipsius
1084 1353 1227 1415 Constans

62 1475 87 1514 ro
200 1453 348 1528 Magnenti
364 1456 480 1530 tyranni
494 1454 594 1514 frauda
609 1455 747 1530 deceptus
765 1455 795 1515 in
822 1455 925 1531 oppido
948 1455 1042 1516 uicino
1057 1455 1226 1532 Hispaniae,

200 1558 246 1617 cui
269 1575 370 1618 nomen
394 1560 441 1617 ost
455 1557 576 1632 Helena,
599 1557 688 1618 fuerit
710 1559 889 1620 interemtus.
914 1561 968 1633 [29
985 1567 1000 1626 t
1018 1559 1045 1632 1]

103 1677 176 1738 XLI.
201 1679 281 1750 Quod
305 1678 379 1738 idem
395 1677 525 1737 Iulianus
548 1695 666 1753 regnum
688 1680 810 1754 adeptus
835 1679 929 1740 studio
952 1680 1106 1754 reparandi
1129 1681 1225 1741 cultus

197 1781 336 1842 idolorum
368 1781 452 1840 iidem
483 1783 652 1842 catholicam
682 1784 751 1843 dum
779 1783 913 1858 persequi
936 1785 1092 1860 moliretur,
1124 1789 1225 1846 contra

197 1885 322 1946 Parthos
355 1885 487 1946 eduxerit
509 1887 681 1961 exercitum,
715 1885 764 1946 uhi
788 1887 875 1946 atium
897 1887 980 1948 hoste
1003 1887 1086 1949 obuio
1109 1890 1145 1948 ab
1168 1907 1223 1949 uno

61 2005 85 2041 15
195 1989 290 2062 equite
312 1988 448 2047 incautus
470 1989 581 2048 occisus
603 1990 651 2048 sit.
679 1989 737 2062 [30
752 1997 768 2057 5
783 1991 812 2063 1]

92 2109 182 2170 XLII.
205 2108 283 2178 Quod
317 2108 383 2167 huic
415 2108 447 2166 in
480 2107 584 2168 castris
616 2109 683 2169 ilico
716 2111 889 2171 successerit
923 2110 1074 2184 louianns,
1109 2113 1158 2186 qui
1187 2116 1222 2173 ad

195 2211 342 2286 Illyricum
375 2211 492 2272 rediens
525 2229 616 2285 pauco
651 2213 812 2273 dominatus
843 2216 970 2288 tempore
999 2215 1108 2276 casuali
1131 2219 1221 2278 morta

196 2316 362 2376 decesserit.
387 2314 441 2390 [31
459 2315 520 2389 51]

91 2418 197 2480 XLIII.
221 2417 263 2476 De
285 2417 490 2477 Valentiniano
519 2433 683 2478 successore
712 2433 746 2476 ac
774 2421 958 2492 persecutore
987 2420 1113 2480 nominis
1137 2420 1220 2480 Chri·

58 2535 82 2572 2⁰
193 2520 285 2581 atiani
314 2521 391 2581 lacto
421 2520 503 2595 regni
533 2522 689 2596 participe,
725 2522 801 2596 quod
823 2522 898 2582 idem
921 2522 1143 2585 Valentinianus
1167 2526 1219 2584 ad·

191 2641 305 2684 uersum
340 2624 466 2685 Saronm
500 2623 625 2685 feliciter
660 2624 840 2685 dimicauerit
864 2628 894 2684 et
916 2624 1168 2701 Burgundionibus
1202 2647 1219 2687 a

192 2728 285 2787 Druso
316 2730 346 2787 at
368 2726 481 2787 Tiberio
517 2726 581 2800 ripa
602 2726 694 2787 Rheni
727 2727 853 2787 fluminis
882 2744 933 2801 pro
964 2730 1092 2789 custodia
1119 2730 1218 2790 limitis

190 2830 365 2902 constitutis,
389 2846 441 2889 nac
463 2847 519 2890 non
543 2828 743 2889 Valentiniani
765 2832 926 2905 praecepto,
952 2833 1027 2903 quod
1041 2830 1217 2891 Theodosius

189 2932 371 3006 imperatoris
387 2932 540 2992 Theodosii
562 2934 674 3008 gornitor
689 2949 740 3008 per
762 2930 902 2991 inuidiam
926 2929 1017 2992 inerit
1040 2934 1217 2997 interfectus,

55 3050 78 3092 rs
193 3036 246 3110 [32
263 3044 278 3103 t
295 3036 323 3110 1]

85 3138 206 3199 XLIIII.
239 3137 319 3208 Quod
353 3138 508 3198 Gratianus
541 3138 739 3199 Valentiniani
774 3156 922 3199 successor
950 3156 983 3199 ac
1012 3138 1089 3199 lilius
1124 3140 1217 3199 adhuc

188 3244 290 3315 patruo
319 3258 369 3301 suo
405 3240 527 3301 Valente
560 3244 703 3317 regnante
734 3244 957 3302 Alamannorum
994 3244 1110 3316 gentem
1141 3242 1216 3316 apud
1254 3288 1259 3298 .

187 3344 387 3418 amentarium
418 3344 551 3419 oppidum
582 3347 655 3405 mira
693 3346 833 3406 felicitate
873 3344 1053 3420 superauerit
1085 3345 1215 3417 quodque

187 3447 261 3506 idom
285 3447 395 3507 Valens
417 3448 540 3520 patruus
564 3447 694 3509 Gratiani
717 3449 848 3524 plurimis
872 3448 924 3507 Dei
947 3447 1040 3509 serula
1064 3463 1096 3505 ac
1118 3462 1215 3506 sacer·

52 3565 75 3604 ro
188 3549 304 3609 dotibus
327 3550 357 3609 in
381 3550 497 3610 exilium
519 3552 676 3612 destinatis
699 3555 729 3610 et
751 3555 854 3626 sponte
871 3551 973 3611 Gothis
996 3550 1028 3610 in
1051 3566 1103 3607 sua
1126 3564 1215 3623 regna

135 3815 360 3885 ldeceptissint‚·
378 3816 414 3883 cf.
437 3818 551 3872 Oroar'eco
567 3823 592 3884 7,
611 3822 648 3873 29
665 3818 720 3889 §1
750 3819 762 3887 ll
794 3817 826 3871 de
845 3814 944 3871 addim
973 3815 985 3886 ΙΙ
1013 3816 1105 3885 agusti
1135 3816 1148 3886 ΙΙ
1175 3818 1215 3870 ui-

84 3901 170 3955 ctm'ia
272 3902 465 3956 3successoris
568 3903 744 3957 destiterint
762 3902 783 3969 (i
801 3904 848 3957 alt.
867 3901 993 3957 omacio
1012 3918 1045 3956 ca
1062 3903 1091 3968 u)
1115 3901 1127 3970 ΙΙ
1156 3916 1214 3955 cou-

83 3984 289 4041 stantciautore
302 3990 370 4042 arrio
444 3988 539 4043 diters
614 3989 649 4043 10
659 3988 763 4058 fraudet
780 3988 938 4058 dodeoeptua
1008 3988 1042 4042 14
1054 3984 1146 4040 eduxit

85 4073 116 4126 lt
141 4086 261 4129 occassum
371 4074 406 4127 21
433 4075 538 4129 anonis
562 4074 671 4129 illiciter
696 4074 874 4143 dimigauorit
985 4074 1019 4127 22
1046 4072 1145 4127 militis

83 4156 119 4214 24
141 4157 278 4213 theudosii
300 4160 313 4228 ll
335 4160 445 4229 genitur
548 4160 583 4214 ao
605 4159 738 4215 ualentini
842 4158 875 4214 27
899 4174 981 4229 paruo
1084 4157 1119 4210 28
1136 4156 1216 4211 lilici·

83 4245 138 4298 tate
241 4246 275 4298 29
292 4248 401 4314 patruos
504 4246 540 4300 30
557 4245 696 4300 distinctis
719 4246 732 4315 ΙΙ
756 4244 848 4315 ghotis
