2934 4975
506 321 661 391 capitula
683 319 741 376 lib.
758 317 796 374 11.
1153 321 1216 388 569

184 501 283 576 populi
305 499 352 559 sui
373 501 457 574 parts
480 498 614 560 coniectu
635 498 730 559 uictus
752 497 861 573 refugit
882 497 912 556 in
930 497 1045 573 Persas,
1069 497 1119 558 nbi
1141 499 1207 558 dum

119 609 123 614 ’
184 607 285 666 eontra
305 604 432 664 uictores
453 603 562 664 bellum
582 601 700 662 molitur
721 603 841 663 interiit.
866 601 900 676 [8
916 609 931 670 5
948 601 976 676 1]

83 707 180 769 VIIII.
203 704 245 766 De
266 708 329 766 cius
343 705 425 766 Darii
445 705 505 766 tilio
518 706 621 778 Xerxe,
643 721 810 766 successore
833 705 903 782 eius,
927 706 956 765 et
970 703 1098 764 Leonida
1119 702 1207 777 Sper·

185 813 316 871 tauorum
338 827 417 886 rege,
438 809 489 885 qui
511 826 574 870 cum
592 811 716 885 quatuor
736 807 853 868 milibus
875 807 1021 868 homiuum
1043 805 1209 866 innumera·

61 933 72 970 s
185 915 272 976 bilem
286 914 440 974 Persarum
453 912 530 973 fudit
544 913 716 984 exercitum
740 914 771 974 in
793 929 850 986 quo
874 911 963 972 etiam
976 909 1051 971 bello
1066 907 1208 970 Leonidas

111 1067 121 1082 .
182 1033 232 1078 ron
260 1016 360 1092 plures
388 1015 541 1077 occidendo
570 1033 634 1075 cum
664 1015 766 1090 paucis
793 1014 855 1074 suis
878 1014 1005 1075 lassatus
1028 1014 1056 1072 et
1078 1016 1209 1072 mortuus

185 1124 246 1193 est;
280 1121 327 1181 cui
359 1120 446 1183 otiam
475 1119 627 1179 certamini
647 1119 755 1180 Xerxes
783 1117 949 1179 foedissime
975 1133 1006 1176 se
1033 1115 1209 1176 subtrahens
1338 1127 1340 1132 ⁴

185 1224 365 1286 Mardonium
393 1224 495 1285 ducem
523 1222 651 1297 reliquit,
679 1224 729 1297 qui
751 1221 899 1283 residuum
928 1221 1003 1294 quod
1025 1222 1089 1279 erat
1111 1216 1210 1294 populi

186 1328 339 1390 Persarum
351 1329 554 1402 propemodum
564 1345 618 1387 sua
628 1325 800 1386 infelicitate
812 1324 959 1386 contriuit.
977 1322 1208 1400 [8111111111]

50 1451 76 1491 rc
124 1430 161 1493 lt
184 1431 227 1490 lle
248 1430 426 1506 pestilentia,
449 1447 520 1505 ques
535 1430 640 1491 Romae
654 1429 796 1506 prodigiis
814 1427 1053 1504 praecedentibus
1069 1425 1211 1486 uiolenter

186 1535 305 1610 exarsit,
327 1535 442 1610 quando
464 1535 502 1595 ab
515 1533 647 1594 exulibus
670 1533 784 1593 ciuibus
800 1548 834 1592 ao
849 1531 983 1606 fugitiuis
1000 1528 1094 1592 seruis
1109 1532 1211 1590 contra

186 1637 334 1697 Valerium
367 1638 513 1698 consulem
545 1636 620 1697 hello
653 1636 738 1711 quasi
770 1634 850 1695 ciuili
883 1636 1013 1695 commoto
1040 1633 1211 1708 capitelium

186 1740 275 1800 Vrbis
296 1741 444 1802 incensum
467 1743 520 1801 cst
553 1744 622 1800 tunc
644 1739 731 1799 etiam
753 1739 788 1800 de
810 1738 943 1799 hostibus
966 1739 1037 1813 ipsis
1059 1736 1211 1798 uictoriam

187 1842 311 1904 dictetur
333 1843 466 1914 Quintius
489 1843 679 1904 cincinnatus
701 1841 838 1903 obtinuit.
864 1842 918 1916 [12
934 1848 950 1910 t
965 1841 995 1916 2]

52 1963 77 2006 rs
111 1947 162 2008 XL
186 1947 229 2006 De
243 1939 393 2007 consuldm
407 1947 552 2022 potestate
571 1945 743 2006 decemuiris
763 1945 874 2004 tradita
888 1946 918 2004 et
933 1945 1012 2004 statu
1034 1941 1210 2018 reipublicae

186 2065 239 2126 par
260 2051 398 2124 tyrannos
420 2052 505 2111 rebus
526 2049 658 2125 plurimis
676 2048 862 2124 perturbato;
885 2049 999 2122 quaudo
1014 2045 1102 2108 etiam
1115 2047 1210 2106 terreo

186 2155 281 2212 motos
302 2153 333 2213 iu
347 2154 433 2214 Italia
454 2169 559 2228 muas
582 2150 673 2214 exorti
694 2153 771 2212 sunt.
797 2151 852 2226 [13
867 2159 883 2220 t
899 2151 929 2225 1]

98 2254 164 2315 XIL
188 2254 231 2315 Da
252 2255 441 2317 Fidenatibus
469 2257 601 2318 hostibus
623 2255 809 2331 reipublicae,
831 2271 904 2329 quos
926 2254 1068 2316 Aemilius
1091 2254 1212 2314 dictator

187 2359 290 2418 tertius
334 2360 500 2435 superauit,
549 2361 578 2420 et
617 2358 729 2419 Siciliae
773 2356 844 2418 uitio
889 2356 1096 2429 dissensionis,
1141 2373 1212 2431 quse

51 2478 76 2520 ac
187 2463 375 2537 tyrannorum
408 2463 507 2524 nutrix
535 2464 565 2523 st
592 2461 733 2525 bellorum
762 2460 812 2522 diu
837 2459 894 2521 fuit
915 2461 1030 2537 captiua
1053 2457 1212 2521 semilium.

190 2566 245 2640 [13
262 2572 277 2633 t
293 2566 340 2639 lo]

84 2666 166 2728 1111.
191 2667 236 2727 De
257 2670 438 2731 dissensione
461 2672 491 2730 et
511 2667 588 2730 bello
610 2668 692 2729 ciuili
713 2668 840 2743 Siciliae,
863 2685 929 2743 quo,
952 2668 1125 2754 Sprecusaui
1148 2668 1214 2726 dum

188 2770 428 2833 reomensibus
450 2772 623 2833 dissiderent
646 2770 816 2833 Graecorum
837 2770 894 2831 sibi
914 2770 1028 2831 solaciis
1050 2768 1211 2845 imploratis,

188 2890 241 2949 spo
269 2875 440 2937 obtinendae
463 2875 578 2936 Siciliae
606 2874 710 2951 grauia
737 2873 929 2949 diuturnaque
957 2871 1117 2934 certamina
1138 2872 1215 2931 inter

51 2996 74 3037 rs
188 2976 382 3040 Athenienses
406 2979 620 3054 Spartanosqus
642 2978 856 3039 cessasent.
880 2978 1013 3053 [1411]

83 3080 184 3141 XIIII.
208 3081 290 3153 occo
318 3082 355 3142 ad
381 3086 540 3143 extremum
567 3081 783 3143 Lacedaemonii
810 3081 919 3143 solacio
945 3079 1038 3142 adiuti
1060 3079 1216 3140 Persarum

187 3184 383 3247 Athenienses
404 3202 493 3261 prope
515 3202 607 3260 usque
628 3187 665 3245 ad
680 3182 899 3246 internicionem
922 3185 1000 3244 actos
1021 3182 1141 3259 imperio
1163 3195 1216 3241 suo

189 3287 266 3349 dotis
288 3290 353 3350 urbi
375 3290 534 3351 rectoribus
556 3289 757 3363 subdiderunt,
780 3304 853 3362 quos
869 3286 957 3349 etiam
972 3288 1074 3361 postea
1088 3285 1215 3358 Thrasy·

137 3542 350 3596 3snccessorem
379 3542 392 3613 ΙΙ
420 3542 626 3611 sparthanorum
721 3538 1018 3611 diarrumlmerabilom
1113 3536 1217 3590 duror-

87 3628 148 3680 tuos
236 3628 411 3683 temtamina
495 3628 647 3698 treliquid
731 3628 848 3698 9prope
864 3626 944 3681 modo
962 3624 976 3695 ΙΙ
995 3622 1149 3679 indlioitote

89 3710 122 3765 10
137 3710 306 3781 petilentise
328 3712 342 3784 ΙΙ
362 3714 574 3785 praecidentibus
668 3715 700 3769 11
718 3713 754 3768 ab
771 3730 821 3770 cm.
919 3712 952 3766 12
969 3709 1100 3767 consolans
1124 3708 1137 3779 ΙΙ
1158 3722 1219 3763 ocn-

88 3799 166 3852 mutu
183 3797 343 3867 capitelium
438 3800 472 3855 13
483 3800 627 3856 uictor-ism
720 3800 755 3855 14
770 3799 896 3870 quentius
989 3796 1022 3851 1o
1040 3794 1179 3851 consolum
1195 3792 1208 3863 ΙΙ

88 3881 174 3937 decim
192 3883 260 3940 uide
295 3886 309 3955 ΙΙ
346 3884 1029 3957 staturoipnblicse11citatustreipublicco(sr.s;
1054 3886 1152 3937 rosa
1170 3881 1218 3935 lic.

88 3968 154 4025 odd.
164 3971 260 4025 statim
270 3973 345 4040 1111)
361 3972 393 4026 D
479 3973 512 4029 16
528 3976 666 4043 tyramnos
685 3973 699 4043 11
716 3975 789 4027 terre
805 3974 898 4027 mutus
983 3969 1018 4025 18
1034 3967 1151 4023 emilius·

90 4054 239 4111 littoreis·
258 4057 272 4127 ΙΙ
291 4056 361 4113 nicio
378 4057 538 4113 dismsiouis
622 4059 658 4113 22
674 4072 818 4127 gregorurn
838 4056 851 4127 ΙΙ
869 4054 983 4112 solacius
1070 4052 1105 4108 25
1119 4048 1219 4107 sthimi-

89 4156 164 4197 onsoe
181 4143 394 4213 sparthanosque
496 4145 531 4199 26
553 4143 608 4199 lece
628 4142 755 4199 dimoniis
858 4141 891 4197 27
917 4143 993 4197 actus
1097 4136 1132 4192 28
1158 4135 1219 4191 sub·

90 4225 220 4283 dederunt
242 4228 255 4298 ΙΙ
277 4228 428 4284 trasibulus
829 4240 831 4249 “
