2934 4975
435 333 615 387 aduersum
633 348 785 403 paganos
807 332 832 386 V
862 334 885 390 1.
1160 336 1223 400 279

82 506 232 571 continue
245 503 449 588 possidemus.
471 500 654 585 inquietudo
672 505 755 567 enirn
771 504 932 584 bellorum,
956 524 1019 587 qua
1039 506 1089 570 illi
1112 506 1214 571 attriti
1226 516 1264 569 12

81 611 177 686 snut,
208 608 296 674 nobis
324 606 433 690 ignota
461 610 519 671 ast.
556 608 589 671 in
615 607 679 671 otio
715 608 836 687 autem,
866 612 946 690 quod
976 608 1026 673 illi
1055 613 1125 691 post
1154 610 1215 673 im-

80 714 209 795 perium
233 709 370 775 Caesaris
402 710 663 792 natiuitatemque
689 710 806 775 Christi
837 712 973 776 tenuitur
999 710 1214 795 gustauerunt

82 834 143 881 uos
164 817 324 881 nascimur
345 818 377 878 et
399 816 603 897 senescimus3
626 815 707 896 quod
729 814 795 879 illis
819 814 886 879 erat
909 814 1016 881 debita
1030 816 1133 899 pensio
1149 832 1214 878 ser-

56 919 200 983 enitatis
218 916 309 983 nobis
330 919 378 983 est
397 918 497 983 libera
511 917 645 982 conlatio
661 917 858 996 defensionis,
883 920 1069 1000 tantumque
1085 916 1215 983 interest
1228 926 1264 980 13

81 1025 170 1087 inter
190 1021 361 1105 praeterita
382 1022 617 1104 praesentiaque
639 1023 787 1103 tempora,
812 1021 847 1085 ut
862 1021 943 1102 quod
959 1021 1108 1087 Romaiu
1123 1042 1213 1088 usum

82 1126 228 1190 luxuriae
249 1143 324 1189 suae
345 1124 427 1189 ferro
450 1125 652 1206 extorquebat
674 1122 846 1202 ano¹stris‚
870 1142 954 1190 nuno
972 1124 1006 1189 in
1021 1144 1114 1190 usum
1129 1144 1246 1199 com-12.
1260 1147 1298 1191 aar

82 1230 191 1294 munis
219 1227 409 1311 reipublicae
438 1228 577 1292 conferat
604 1228 673 1309 ipsa
702 1226 874 1293 nobiscum.
909 1229 964 1293 aut
992 1229 1019 1292 si
1047 1228 1213 1311 abaliquo

84 1330 204 1397 dicitur
225 1331 453 1397 tolerabiliores
475 1330 655 1413 parentibus
678 1330 793 1395 uostris
810 1330 966 1396 Romanos
982 1330 1086 1396 hostes
1109 1330 1214 1411 fuisse,

46 1454 181 1518 requam
211 1436 299 1500 nobis
328 1432 445 1499 Gothos
474 1452 554 1513 esse,
584 1434 693 1499 audiat
722 1434 753 1498 ot
776 1434 957 1515 intellegat,
986 1437 1102 1519 quanto
1124 1435 1215 1500 aliter
1282 1464 1292 1491 x

84 1557 181 1621 quam
204 1539 286 1603 circa
307 1555 338 1602 se
361 1539 462 1620 ipsum
485 1538 589 1620 agitur
612 1540 672 1603 sibi
693 1556 760 1602 esse
783 1538 937 1603 uideatur.

129 1639 217 1708 Olim
239 1660 310 1706 cum
333 1641 416 1705 bolla
436 1642 504 1705 toto
526 1638 609 1705 Orbe
625 1640 796 1719 seruabant,
821 1660 959 1723 quaeque
974 1640 1133 1723 prouincia
1151 1642 1268 1709 suis14

83 1747 213 1828 regibus
235 1744 299 1809 suis
321 1744 446 1826 legibus
469 1744 593 1826 suisque
615 1744 753 1807 moribus
776 1742 935 1820 utebatur,
958 1763 1014 1810 nec
1035 1746 1102 1809 erat
1118 1744 1215 1809 socie·

83 1851 136 1914 tas
152 1848 372 1926 adfectionum,
392 1846 446 1911 ubi
461 1844 635 1911 dissidebat
649 1847 812 1912 diuersitas
828 1848 1035 1929 potestatum
1058 1848 1214 1930 postremo

47 1952 206 2017 resolutas
229 1956 261 2016 et
284 1952 431 2017 barbaras
462 1952 572 2036 gentes
602 1950 677 2033 quid
698 1950 826 2017 taudem
849 1950 889 2015 ad
911 1951 1093 2017 societatem
1115 1950 1214 2016 addu-

82 2059 184 2133 ceret,
213 2072 289 2137 quas
318 2053 450 2117 diuersis
478 2071 637 2119 sacrorum
668 2053 782 2118 ritibus
804 2053 964 2119 institutas
986 2055 1084 2119 etiam
1105 2052 1215 2137 religio

82 2159 274 2243 separabat?
307 2158 335 2221 si
367 2158 436 2239 quis
470 2156 569 2241 igitur
602 2156 677 2222 tuno
712 2158 883 2223 acerbitate
920 2157 1074 2222 malorum
1111 2157 1213 2221 uictus
1229 2167 1266 2221 15

82 2263 223 2347 patriam
258 2280 330 2326 oum
362 2261 452 2325 hoste
485 2261 635 2339 deseruit,
670 2279 764 2343 quem
791 2260 919 2327 tandem
949 2262 1090 2347 ignotum
1112 2260 1216 2323 locum

82 2366 213 2449 ignotus
230 2366 330 2430 adiit?
353 2382 445 2447 quam
467 2365 594 2449 gentem
617 2364 805 2448 generaliter
827 2364 946 2429 hostem
970 2364 1070 2431 hostis
1093 2363 1217 2429 orauit?

49 2470 139 2536 secui
156 2489 190 2537 se
205 2487 373 2552 congressu
388 2469 488 2550 primo
504 2467 646 2547 credidit,
661 2488 722 2533 non
738 2466 885 2534 societate
901 2466 1036 2533 nominis
1052 2464 1216 2544 inuitatus,

85 2593 150 2637 non
167 2574 382 2638 communione
396 2572 473 2637 iuris
488 2573 651 2649 adductus,
675 2592 738 2638 non
753 2571 914 2656 religionis
932 2573 1051 2638 unitate
1067 2573 1216 2638 securus?

87 2695 131 2742 au
155 2694 267 2759 parum
289 2675 422 2758 exempli
445 2675 597 2741 dederunt
620 2675 739 2742 Busiris
761 2677 795 2742 in
817 2677 961 2761 Aegypto
982 2674 1216 2760 peregrinorum
1232 2681 1267 2734 16

85 2778 255 2843 infeliciter
284 2779 509 2844 incurrentium
539 2779 745 2862 impiissimus
774 2779 969 2854 immolator,
1004 2778 1218 2844 crudelissima

87 2883 173 2946 circa
194 2885 328 2948 aduenas
344 2883 461 2949 Dianae
474 2884 623 2948 Tauricae
646 2884 740 2948 litora
761 2885 815 2947 sed
835 2883 937 2966 magis
960 2901 1048 2947 sacra
1071 2881 1215 2958 crudelia,

50 2985 223 3051 a'l'hracia
251 3006 322 3051 cnm
350 2986 560 3072 Polymestore
589 3005 769 3069 sucusque
797 2985 1050 3068 adpropinquas
1078 2981 1215 3064 hospites

513 3087 527 3114 0

193 3171 334 3212 arenosas
370 3161 385 3224 ς
404 3160 437 3212 16
455 3157 750 3239 Busiris-immolator
768 3159 840 3225 our,
853 3162 886 3212 11
902 3159 950 3222 §2
970 3156 983 3228 ΙΙ
1002 3154 1218 3216 crudelissima-

87 3241 220 3296 scelerata
236 3244 343 3312 ipsam

142 3398 344 3466 lposoedemns
363 3397 445 3453 L⁸D¹
473 3398 485 3469 ΙΙ
514 3416 584 3468 quea
602 3402 649 3468 (er.
669 3400 690 3468 i)
708 3401 737 3456 R
766 3399 778 3470 ΙΙ
806 3398 902 3453 adtriti
921 3399 950 3453 D
1052 3397 1079 3452 θ’
1092 3395 1219 3464 preterita

86 3481 118 3538 R
156 3484 168 3553 ΙΙ
205 3501 254 3538 usu
276 3485 308 3538 D
410 3485 425 3538 7
449 3501 532 3540 aona
556 3485 583 3538 L
685 3486 702 3540 9
726 3485 893 3540 tolerabilius
915 3485 954 3538 L¹
1057 3479 1218 3550 loquendo

87 3569 130 3624 D²
233 3574 267 3626 12
284 3573 355 3628 bella
371 3573 429 3627 toto
448 3573 520 3643 orbe]
538 3575 596 3627 toto
614 3575 677 3628 orbo
694 3573 767 3627 bella
783 3573 811 3628 R
848 3573 861 3642 ΙΙ
898 3572 1026 3642 quaeque]
1046 3584 1218 3640 unaquaequo

87 3656 131 3711 D'
168 3657 181 3728 ΙΙ
218 3659 274 3711 suis
291 3659 398 3728 legibus
422 3659 478 3713 suis
496 3657 605 3728 regibus
629 3660 656 3713 L
760 3657 793 3712 13
821 3659 877 3712 suis
900 3657 1004 3727 legibus
1022 3673 1071 3710 om.
1093 3655 1150 3708 DA

90 3745 125 3798 14
148 3743 320 3798 affectionum
343 3745 371 3801 R
415 3745 588 3800 affeccionum
605 3745 634 3798 D
663 3744 675 3816 ΙΙ
704 3745 851 3799 dissidebat
870 3745 905 3811 (si
922 3745 954 3798 iu
971 3759 1024 3798 rus.
1044 3759 1078 3796 m.
1096 3744 1127 3807 2)
1146 3741 1173 3796 R
1196 3739 1208 3809 ΙΙ

90 3830 424 3899 aduersitaadpotestatum
451 3831 479 3899 (d
506 3831 623 3885 aberam
649 3831 700 3886 del.
726 3847 762 3885 m.
782 3833 808 3898 1)
836 3831 863 3884 L
899 3831 912 3901 ΙΙ
948 3832 1084 3899 postremi
1110 3826 1151 3881 D²

91 3917 125 3971 15
148 3903 220 3985 duro]
243 3917 291 3986 qus
315 3914 346 3971 n
380 3918 393 3988 p
429 3916 568 3973 canosa
586 3916 613 3972 a
631 3919 677 3985 (ef.
697 3918 730 3972 14
748 3916 909 3984 austerus)
1024 3915 1058 3969 16
1081 3912 1218 3968 mersurus

89 4002 119 4058 R
222 4003 254 4056 17
273 4003 419 4056 aceruitato
436 4003 464 4056 L
566 4004 602 4057 20
624 4004 779 4074 congressui
795 4003 836 4059 13²
938 4003 971 4058 21
992 4000 1115 4056 addictus
1134 3999 1153 4068 (i
1171 4014 1217 4052 ra-

89 4087 181 4143 dendo
199 4105 234 4144 ec
251 4091 279 4155 u)
299 4089 326 4144 R
355 4088 368 4159 ss
396 4089 540 4159 relegionis
563 4092 604 4146 R¹
634 4092 646 4161 11
675 4090 783 4145 unitate
804 4089 846 4144 D¹
953 4089 988 4142 22
1009 4087 1121 4141 busiriss
1144 4083 1183 4138 D¹

88 4172 208 4228 busiridi
224 4174 266 4231 D²
285 4175 298 4245 ΙΙ
318 4175 427 4243 aegipto
442 4174 472 4229 D
557 4177 592 4230 23
610 4176 777 4245 inpiissimns
790 4175 831 4232 113¹
851 4175 863 4246 ΙΙ
883 4175 1040 4230 immolatur
1054 4170 1150 4226 LDR·

89 4258 126 4313 25
142 4260 330 4330 polymestore]
348 4259 399 4324 135
432 4261 600 4330 polimestoro
619 4262 671 4326 Dg
706 4263 901 4331 polymnestore
919 4260 1035 4327 Lfflbo
