2934 4975
390 289 491 344 Liber
513 288 751 358 apologeticus
780 288 883 344 nalo.
1139 292 1201 357 633

66 462 233 529 fecimus
265 462 364 529 tibi?
397 464 431 527 et
463 462 513 528 hic
545 467 650 529 noster
682 462 908 529 scientissimus
940 463 1019 547 legis
1051 464 1193 547 agnoscit

65 584 126 650 quc
149 566 210 651 die,
233 585 294 650 qua
315 566 398 645 hora,
421 584 482 649 quo
504 571 663 633 momento
684 568 832 633 nltimam
854 566 968 649 sedem,
992 567 1192 650 ultraquam

65 689 128 736 non
150 671 193 735 sit
215 670 279 736 alia
299 668 500 754 plenissimae
522 669 709 749 sanctitatis,
734 669 885 735 intrabit!

107 774 177 839 Aut
192 773 322 839 forsitan
341 773 492 839 reclamat
506 775 539 839 ot
554 773 709 857 loquitur:
728 766 823 839 ‘recte
838 774 916 839 mihi
931 774 1009 839 haec
1027 772 1191 849 amentiae,
1206 775 1243 837 lt

43 883 100 944 rut
115 896 178 943 nou
194 876 483 961 dicamtsuperbiac
499 877 714 961 ingererentur
733 877 906 960 obprobria,
931 876 958 941 si
973 878 1109 943 dicerem
1124 876 1191 941 siue

63 982 219 1047 adiutorio
241 979 400 1047 hominem
422 998 511 1063 posse
533 999 598 1046 osse
622 982 690 1045 siue
711 984 857 1063 pecuat03
880 998 964 1044 nuuc
981 983 1089 1044 autem
1104 980 1192 1045 adiu·

61 1086 182 1150 terium
196 1083 270 1169 Dei,
293 1084 346 1148 oui
367 1085 448 1150 nihil
466 1084 601 1164 difficile,
626 1084 743 1150 adsero.
772 1102 812 1150 an
827 1086 864 1150 tu
879 1083 1017 1149 fortassis
1033 1083 1090 1147 Dei
1106 1082 1194 1147 adiu·

61 1188 182 1252 torium
196 1188 321 1271 negas?
344 1190 476 1253 concedo
490 1188 646 1270 paulisper
661 1187 834 1253 calumniae
849 1191 932 1266 tuae,
955 1188 1000 1265 ut,
1024 1185 1099 1251 dum
1113 1185 1222 1267 qnod?

62 1291 96 1355 iu
115 1296 149 1356 te
171 1292 351 1358 conuincero
369 1292 440 1357 uolo
457 1292 490 1357 iu
505 1308 556 1355 mc
576 1293 685 1357 uidear
707 1292 860 1375 detegam,
882 1290 1080 1355 inueniamur
1101 1288 1195 1354 simul

31 1397 97 1460 raet
127 1414 184 1477 ego
214 1396 247 1459 in
276 1397 338 1460 moi
372 1394 548 1459 defensione
580 1395 743 1478 purgatior
771 1394 802 1457 ct
824 1396 860 1459 tu
882 1392 994 1459 intua
1016 1392 1195 1457 confusione

62 1498 267 1564 manifestior.
303 1516 373 1563 mea
406 1515 526 1580 semper
559 1497 637 1562 haec
670 1499 718 1562 est
751 1496 853 1562 fidelis
888 1499 982 1579 atque
1015 1494 1223 1563 indubitatas

61 1601 229 1679 sententia,
260 1600 362 1665 Deum
388 1600 579 1665 adiutorium
601 1619 695 1665 suum
716 1618 779 1665 nou
802 1601 903 1665 solum
925 1602 958 1666 in
980 1617 1105 1683 corpore
1128 1618 1193 1679 suo,

61 1705 147 1788 quod
169 1708 219 1771 est
240 1703 396 1786 Ecclesia,
429 1702 480 1768 oui
507 1704 657 1785 specialia
677 1705 716 1769 ob
740 1704 934 1769 credentium
955 1702 1051 1768 fidem
1072 1704 1192 1785 gratiae

62 1827 138 1873 suae
172 1789 268 1872 dona'
286 1808 437 1891 largitur,
470 1825 582 1872 uerum
618 1807 714 1871 etiam
748 1807 900 1872 uniuersis
929 1806 962 1871 in
993 1806 1051 1872 hoc
1079 1808 1194 1871 mundo

30 1912 214 1995 augentibus
251 1912 376 1993 propter
411 1910 624 1995 longanimem
656 1911 707 1974 sui
740 1912 958 1993 aeternamque
995 1910 1194 1976 clementiam

61 2014 319 2094 subministrare,
354 2032 415 2080 non
436 2052 479 2062 -
500 2014 538 2079 ut
559 2017 595 2079 tu
617 2014 736 2079 adseris
765 2022 836 2080 oum
866 2013 1016 2096 discipulo
1038 2014 1093 2078 tuo
1117 2011 1223 2077 (iae-4

62 2118 169 2197 lectio,
191 2118 242 2183 cui
264 2121 327 2183 iam
349 2118 432 2200 apud
446 2117 632 2183 Africanam
646 2118 800 2200 synodum
815 2117 941 2183 occulta
955 2117 1012 2182 illa
1025 2116 1194 2199 impiorum

62 2220 249 2305 dogmatum
277 2223 390 2286 natura
417 2225 548 2287 contusa
568 2222 617 2286 est
639 2258 682 2269 -
703 2223 737 2285 in
759 2220 823 2285 soio
845 2219 983 2286 naturali
1003 2218 1084 2285 bouo
1106 2224 1137 2285 et
1160 2220 1193 2283 in

61 2325 163 2391 libero
185 2325 316 2390 arbitrio
338 2325 526 2409 generaliter
540 2324 695 2389 uniuersis
710 2342 806 2389 uuam
821 2328 957 2405 gratiam
972 2324 1192 2399 contributam,

28 2433 117 2498 nsed
139 2428 305 2513 speciatim
328 2428 442 2495 cotidis
456 2448 512 2512 per
533 2432 683 2513 tempora,
706 2446 763 2511 per
778 2428 852 2507 dies,
875 2447 931 2512 per
946 2430 1115 2507 momenta,
1139 2448 1194 2512 per

63 2537 188 2601 atomos
211 2539 243 2598 et
265 2533 384 2599 cunctis
407 2537 439 2597 st
461 2532 595 2616 singulis
611 2533 800 2598 ministrare.
827 2532 904 2598 dicit
919 2532 1001 2597 enim
1018 2531 1192 2615 Scriptura:

63 2638 131 2720 qui
164 2636 263 2702 facit
292 2637 417 2703 solem
449 2634 575 2701 'sunm
598 2637 695 2701 oriri
717 2653 835 2716 supor
856 2637 978 2701 bonos
1001 2638 1040 2698 et
1061 2636 1279 2707 mulceatur

61 2746 95 2805 at
119 2743 157 2805 tu
180 2740 260 2806 forte
286 2740 469 2824 respondes:
507 2733 659 2803 ‘ordinem
681 2757 775 2803 suum
798 2739 957 2820 conposita
981 2741 1057 2804 bene
1080 2743 1222 2804 naturae

62 2844 203 2908 custodit
229 2861 268 2908 ac
295 2862 351 2925 per
381 2843 438 2908 hoc
461 2841 547 2907 Deus
580 2840 793 2906 elementariis
828 2842 925 2906 semel
957 2843 1098 2908 cursibus
1121 2861 1194 2909 cou-

169 3044 312 3084 srcronas
347 3030 380 3084 22
399 3030 499 3084 Mottir.
518 3033 544 3094 5,
561 3033 596 3082 45

114 3202 131 3254 1
150 3191 223 3288 logias
240 3203 302 3271 (sic)
321 3205 345 3254 Φ
413 3203 505 3269 daut]
525 3203 554 3254 at
571 3203 599 3252 Σ
619 3201 631 3271 ΙΙ
651 3202 805 3256 amentiafr
873 3204 891 3258 5
907 3202 1050 3274 opprobria
1070 3203 1100 3255 Ψ
1118 3204 1130 3274 ΙΙ
1151 3203 1194 3257 do·

60 3319 151 3358 caram
176 3305 375 3373 impraecor.
393 3306 484 3360 iiob
502 3304 563 3359 eod.
581 3321 616 3358 m.
636 3320 707 3373 pasce
729 3305 939 3376 compacaret
956 3309 1082 3377 morpirre
1098 3313 1196 3362 notare

60 3391 142 3458 solet)
163 3391 194 3440 Ψ
278 3390 450 3460 dadiutorio]
464 3391 598 3446 adiutorio
610 3389 660 3444 Dei
677 3408 695 3446 o
713 3391 726 3461 ΙΙ
745 3391 920 3461 adiutorium]
939 3409 1019 3461 quum
1032 3392 1196 3448 adiutorium

61 3477 165 3531 adiicio
182 3493 199 3531 c
290 3478 306 3530 7
324 3477 374 3530 Dei
386 3477 431 3531 oui
443 3477 542 3532 addidi
559 3476 668 3543 (Genea.
683 3482 727 3542 18,
739 3482 793 3544 14),
811 3494 863 3532 om.
877 3478 940 3532 add.
955 3485 980 3533 ct
992 3478 1053 3533 edd.
1077 3479 1089 3550 ss
1111 3479 1196 3534 nichil

64 3565 97 3615 Ψ
118 3564 132 3634 ΙΙ
154 3579 243 3618 assere
260 3563 407 3617 mm
428 3566 442 3635 ΙΙ
468 3564 514 3619 td.
536 3566 616 3633 (aas.
636 3566 657 3633 i)
675 3567 700 3618 Φ
721 3564 734 3634 ΙΙ
757 3565 930 3634 adiutorium]
949 3567 1079 3620 auxilium
1100 3567 1130 3618 Ψ

61 3649 292 3705 Sealumuituao
309 3651 338 3702 Σ
442 3652 475 3705 12
497 3651 561 3706 dous
580 3654 629 3721 (aio
647 3651 689 3721 dd)
705 3653 733 3704 Σ
837 3652 871 3705 13
895 3655 954 3736 ef.
976 3651 1123 3717 fortuitum
1141 3669 1196 3709 cose

56 3755 161 3822 potero
178 3754 203 3805 Φ
224 3753 238 3824 ΙΙ
266 3754 389 3823 special’r
405 3755 437 3824 (ἰ
454 3772 469 3810 e
486 3771 572 3825 oorr.,·
598 3757 630 3812 ἐκ
647 3772 734 3826 morp.
753 3759 763 3809 i
782 3761 808 3811 ct
825 3771 888 3810 moro
905 3756 951 3810 -l'r
969 3759 1102 3825 notatum)
1122 3758 1153 3809 Ψ
1174 3759 1186 3828 ΙΙ

61 3855 145 3910 fidem
164 3859 263 3926 (supra
279 3856 295 3911 f
307 3859 440 3928 infraque
457 3860 609 3915 emendatio
627 3861 717 3929 crosa)
741 3861 773 3911 Ψ
810 3860 821 3930 ΙΙ
861 3862 962 3930 *gratie
980 3864 1009 3930 (d
1025 3862 1091 3929 fort.
1110 3853 1197 3931 acci

62 3947 147 4008 eras.)
174 3943 205 3995 Ψ
313 3945 345 3998 16
368 3945 565 4000 sumministrat
589 3947 692 3997 ΣΤΦΧ
717 3945 730 4015 ΙΙ
759 3946 854 4000 asseris
876 3947 997 3999 thi'd'
1023 3948 1035 4018 ss
1064 3948 1195 4018 coelestio]

63 4032 113 4082 ΤΦ
156 4029 265 4085 celestio
287 4031 374 4083 ΣΧΨ
474 4033 507 4087 17
530 4033 581 4101 cui]
600 4038 632 4087 ed
650 4033 690 4084 Σι
728 4032 741 4102 ΙΙ
778 4031 933 4088 africanam
959 4034 989 4085 Ψ
1024 4033 1037 4105 ΙΙ
1073 4035 1197 4090 sinodum

63 4117 142 4167 ’ΥΦΧ
250 4118 283 4170 21
307 4119 430 4173 athomos
452 4119 586 4172 ΣΊΦΧΨ
629 4117 738 4189 ἄτομας
761 4120 821 4188 (aio)
844 4119 921 4190 cftp
967 4123 1069 4176 atomos
1091 4138 1106 4177 a
1132 4122 1197 4193 ss&

64 4201 191 4270 singulis]
211 4201 329 4273 singuiis
346 4205 388 4255 Σι
490 4205 525 4260 22
542 4206 613 4260 orire
629 4208 663 4257 Ψ
767 4207 802 4261 23
818 4207 965 4276 composita
981 4208 1046 4258 ΧΨ
