2934 4975
229 315 293 382 316
554 313 656 368 Pauli
671 312 786 369 Orosii
802 311 1031 369 Historiarum

238 487 320 551 circa
333 487 545 552 Romanorum
564 489 667 554 castra
682 487 872 569 pugnarunt,
896 486 924 550 si
939 503 1000 568 quo
1015 488 1107 567 pacto
1121 505 1174 551 sos
1189 489 1370 552 excuterent

238 589 323 654 uallo
352 593 447 671 utque
475 588 509 653 in
538 605 652 670 aequor
674 588 884 667 effunderent,
913 588 1017 654 tribus
1039 588 1218 672 agminibus
1240 589 1371 655 Ituliam

189 689 342 771 ropetere
374 689 579 758 destinarunt.
616 690 753 770 Marius,
787 693 859 773 post
892 689 1070 774 digressum
1098 692 1237 759 bostium
1268 693 1372 763 cnstru

237 794 338 858 mouit
361 797 393 858 et
416 795 526 858 collem
549 796 727 877 occupauit,
761 795 816 876 qni
845 813 954 878 campo
976 798 1008 860 et
1029 795 1144 875 fluuio,
1178 797 1234 862 nbi
1264 796 1371 862 hostes

237 912 306 962 sese
334 896 538 974 diffuderant,
568 896 764 962 imminebat.
798 915 931 980 cumque
961 899 1112 965 exercitui
1139 898 1207 964 eius
1230 917 1310 982 aquo
1330 897 1406 964 ads

152 1035 173 1076 ρ.
190 1023 229 1066 sn
237 999 407 1084 potandum
433 999 582 1078 ldoesset,
607 1000 814 1083 querellisque
836 1002 976 1067 omnium
998 1002 1234 1085 coargueretur,
1256 1020 1372 1086 aquam

238 1103 364 1186 quidem
377 1105 411 1168 in
427 1107 594 1187 conspectu
609 1122 674 1170 esso
688 1104 867 1188 respondit,
881 1108 936 1171 sed
950 1125 1021 1170 sam
1036 1106 1120 1170 forro
1134 1106 1370 1172 uindicandam.

237 1207 348 1289 primis
382 1207 487 1290 itaque
520 1207 679 1272 colonibus
712 1226 785 1272 cnm
813 1207 950 1273 clsmore
977 1207 1012 1273 in
1038 1227 1179 1292 pugnam
1207 1209 1372 1276 ruentibus

238 1311 420 1375 subsecutus
444 1311 607 1388 exercitus,
630 1329 700 1376 mor
722 1311 804 1374 insto
826 1314 997 1376 certamine
1019 1311 1188 1395 conpositis
1211 1313 1372 1378 ordinibus

189 1411 355 1479 ubellum
378 1415 504 1496 gestum
527 1417 560 1478 et
577 1415 678 1479 uicere
693 1413 835 1479 Romani,
867 1415 979 1496 quarto
1002 1415 1051 1479 die
1073 1432 1181 1478 rursus
1203 1418 1371 1497 productae
1381 1435 1408 1476 ro

238 1519 397 1599 utrimque
430 1517 465 1581 in
497 1534 641 1601 campum
674 1518 755 1581 scies
787 1535 884 1599 usque
912 1516 952 1582 ad
981 1517 1146 1582 meridiem
1175 1536 1273 1600 paene
1301 1519 1371 1603 pari

238 1638 416 1704 pugnauore
431 1619 620 1685 discrimine.
647 1623 716 1702 post
732 1621 787 1685 ubi
802 1620 1011 1685 incalescente
1025 1621 1091 1686 sole
1106 1619 1192 1685 durs
1206 1619 1374 1686 Gallorum
1446 1656 1450 1662 ·

238 1739 366 1805 corpora
380 1724 413 1788 in
429 1723 557 1788 modum
572 1723 695 1788 niuium
710 1723 940 1799 distabuerunt,
959 1741 1058 1805 usque
1073 1723 1107 1788 in
1123 1727 1248 1788 noctem
1263 1722 1372 1789 caedm

190 1826 341 1908 lapotius
369 1845 464 1908 quum
496 1843 600 1910 pugna
627 1827 786 1910 probructa
814 1827 871 1891 est.
906 1827 1039 1892 ducenta
1062 1826 1152 1891 milia
1180 1827 1373 1891 armatorum

238 1929 271 1994 in
297 1949 333 1995 oo
360 1930 443 1996 bello
471 1930 641 1996 interiecta
669 1932 758 2009 sunl,
790 1928 950 2012 octoginta
971 1929 1062 1994 milia
1089 1932 1196 2010 captu,
1228 1929 1281 1993 uix
1309 1929 1407 1995 trias

237 2031 329 2098 milia
349 2032 466 2115 fugisse
481 2033 672 2110 referunturr
703 2035 765 2098 dur
780 2050 901 2115 quoque
915 2050 1022 2097 eorum
1036 2031 1233 2097 Teutobodus
1253 2033 1373 2098 occisus

189 2137 295 2201 locst.
334 2136 480 2200 mulieres
514 2153 621 2201 eorum
654 2136 866 2202 constantiore
898 2136 1003 2201 animo
1035 2153 1129 2218 quam
1163 2135 1192 2200 si
1224 2135 1374 2201 uicissent

240 2239 422 2304 consuluere
445 2239 615 2316 consulem,
639 2243 684 2318 ut,
708 2241 738 2304 si
751 2237 905 2305 inuiolats
919 2237 1067 2304 castitate
1081 2237 1259 2321 uirginibus
1274 2237 1372 2304 sacris

240 2358 277 2406 oc
300 2341 349 2407 dis
371 2345 568 2408 seruiendum
591 2347 689 2421 esset,
719 2343 822 2407 uitam
843 2341 905 2407 sibi
927 2346 1134 2407 reseruarent.
1169 2341 1277 2424 itaquo
1299 2359 1372 2407 cnm

239 2444 340 2529 petita
358 2462 418 2511 non
440 2446 702 2531 impetrauissent,
726 2444 868 2528 paruulis
891 2446 956 2511 suis
979 2445 1019 2511 ad
1041 2463 1117 2511 sara
1138 2444 1268 2511 conlisis
1292 2461 1409 2521 cup-e

240 2548 309 2614 ctao
336 2568 404 2613 seso
434 2550 516 2614 ferro
545 2566 581 2614 ac
611 2549 779 2634 suspendio
806 2550 1016 2633 peremerunt.
1050 2548 1129 2614 haec
1150 2551 1189 2614 de
1210 2548 1372 2632 Tigurinis

190 2654 273 2717 luet
286 2653 496 2718 Ambronibus
519 2656 608 2735 gesta
629 2653 711 2717 sunt.
746 2654 902 2719 Teutonos
925 2652 1032 2719 autem
1050 2653 1083 2717 et
1098 2650 1218 2718 Cimbri
1240 2650 1372 2736 integris

239 2755 337 2838 copiis
360 2754 488 2842 Alpium
513 2756 604 2821 niues
627 2758 745 2822 emensi
767 2756 881 2823 ltaliae
906 2754 1003 2838 plana
1023 2758 1243 2839 porussorum,
1266 2754 1373 2837 ibique

290 3044 412 3099 iousllo
430 3046 456 3111 (e
474 3060 509 3098 m.
527 3047 547 3099 Β
567 3044 642 3110 odd.)
661 3045 689 3097 P
716 3045 729 3113 ΙΙ
756 3044 843 3113 odquo
865 3045 942 3101 ΡΒ*
971 3044 985 3115 ΙΙ
1013 3060 1110 3113 coquos
1128 3044 1295 3099 abundarent
1311 3044 1339 3096 P

239 3140 494 3216 'equoroinnderont
512 3147 539 3202 L
575 3145 827 3214 equoroinndoront
844 3147 876 3202 D
960 3146 1121 3217 ddigrossu
1138 3147 1166 3202 L
1251 3147 1373 3216 oca-po

239 3253 269 3318 (⁸
289 3266 324 3304 m.
342 3252 373 3315 2)
390 3249 418 3304 Β
530 3233 687 3303 borsrcitn‘
705 3248 726 3316 (i
744 3264 765 3304 r.
783 3265 804 3304 s.
822 3265 857 3304 m.
874 3252 906 3318 2)
929 3249 957 3305 Β
1069 3248 1270 3318 dportundum
1292 3249 1322 3303 D
1349 3248 1362 3317 ΙΙ

239 3346 433 3416 quserolhsque
449 3346 478 3400 P
511 3343 697 3416 quserulisquo
710 3346 771 3411 (cut
785 3342 945 3412 -rillis-)R¹
981 3344 1149 3414 querelisque
1160 3343 1201 3398 R²
1286 3342 1373 3398 dola

238 3420 359 3505 moribus
382 3450 437 3505 PR
540 3448 735 3517 doompositis
760 3448 816 3504 ΡΒ
920 3449 953 3504 11
976 3464 1068 3518 cumpo
1086 3448 1140 3505 PR
1177 3448 1189 3518 ΙΙ
1222 3462 1304 3516 poene
1322 3455 1373 3511 (cr.

239 3547 266 3613 a)
284 3544 312 3599 Β
340 3562 391 3599 orn.
409 3545 437 3599 L
550 3543 583 3597 12
605 3542 748 3597 caliscento
764 3543 795 3598 D
907 3544 941 3597 14
957 3558 990 3598 cc
1008 3544 1061 3599 PR
1174 3542 1208 3599 15
1230 3542 1373 3610 octogenta

239 3629 270 3684 D
303 3644 381 3685 cxxx
399 3630 454 3685 ΡΒ
541 3629 574 3683 16
592 3628 676 3683 inisse
693 3628 720 3683 L
740 3627 754 3697 ΙΙ
772 3628 944 3699 teutobodus]
961 3630 1138 3684 Vot1977a
1152 3640 1186 3693 r,-
1211 3625 1374 3680 teutodobus

240 3716 294 3771 ΡΒ
323 3716 505 3771 teuboduobus
517 3714 545 3769 L
577 3718 622 3769 ten
634 3714 668 3769 do
681 3714 732 3768 bns
744 3714 791 3784 D;
809 3710 995 3770 theutobocch'
1010 3714 1218 3784 (priorebdel,
1232 3710 1374 3767 ntoboccln'

239 3801 270 3855 in
288 3817 341 3855 ras.
360 3818 394 3855 m.
413 3805 437 3865 1,
455 3802 532 3855 inter
549 3816 564 3854 o
582 3808 609 3855 et
626 3818 641 3855 c
658 3801 768 3855 litterae
786 3801 803 3855 d
822 3802 970 3871 particulo
992 3801 1150 3869 superstite)
1174 3798 1335 3854 Patauinus
1352 3813 1374 3850 s.

260 3904 355 3951 ΗΠ,-
373 3887 409 3953 cf.
428 3888 470 3942 M.
484 3886 593 3956 Haupt,
617 3886 718 3956 Oppd
732 3891 835 3957 pb71
925 3888 959 3945 l'l
976 3886 1125 3940 uiscisssnt
1144 3886 1171 3940 P
1259 3885 1294 3939 18
1312 3898 1375 3937 con-

239 3972 363 4027 snlusoro
382 3974 409 4028 P
427 3974 439 4043 ΙΙ
463 3972 616 4043 uirginibus
636 3974 708 4039 (nis.
721 3990 742 4027 s.
755 3990 789 4027 m.
802 3978 829 4041 1)
847 3973 876 4030 Β
980 3972 1012 4025 19
1031 3971 1082 4040 dis]
1102 3970 1167 4025 LP¹
1202 3969 1255 4023 diis
1272 3968 1341 4024 ΡΒ

240 4058 272 4113 do
293 4058 323 4114 D
435 4060 471 4115 10
491 4058 702 4129 inpetrauisscnt
725 4059 823 4113 PR¹D
856 4059 869 4129 ll
903 4056 1020 4126 paruolis
1043 4057 1070 4111 L
1099 4055 1113 4125 ΙΙ
1140 4054 1243 4110 collisis
1266 4053 1306 4109 R¹

240 4143 273 4198 21
296 4135 403 4201 forrum
418 4146 449 4201 D
477 4144 490 4217 ΙΙ
518 4146 655 4215 tugurinis
677 4144 717 4199 13²
770 4144 906 4211 togurinis
929 4144 960 4197 D
1071 4142 1107 4196 22
1127 4140 1252 4196 teodonis
1274 4138 1305 4192 D

240 4228 275 4283 13
298 4234 473 4299 peruascrunt
491 4230 545 4287 ΡΒ
