2934 4975
266 322 330 390 622
710 319 810 373 Pauli
832 320 949 375 Orosii

273 494 391 578 pariter
412 494 497 561 uitae
517 496 643 559 nosnos
664 492 746 559 bona
766 494 912 577 undeque
935 492 1119 577 suscipiunt,
1141 510 1269 559 examen
1292 492 1402 557 iudicii

273 597 307 661 in
329 597 462 680 pondere
491 596 676 682 praebituri:
710 598 862 680 quomodo
892 596 961 661 sine
982 596 1120 663 examine
1142 596 1172 661 in
1198 595 1257 661 hac
1278 595 1346 661 uita
1369 600 1401 661 et

273 706 346 771 aute
368 705 503 767 mortem
523 699 658 767 abolitos
679 718 745 765 esse
768 699 995 784 cognoscimus,
1022 717 1099 782 quoe
1123 717 1186 765 uon
1207 699 1309 763 solum
1330 704 1401 781 post

273 809 406 872 mortam
428 822 538 871 uerum
554 804 651 869 edam
666 806 737 886 post
752 802 1009 869 resurrectionem
1024 802 1161 887 legimus
1176 801 1402 887 proferendos?

243 916 329 995 ocgo
350 911 386 975 in
406 909 562 991 potestate
584 906 680 974 habui
700 922 837 989 peceare,
859 906 986 971 liberari
1005 908 1167 989 apeocato
1189 906 1223 971 in
1244 908 1400 988 potestate
1425 932 1438 971 a

273 1032 335 1079 non
363 1011 470 1078 habeo.
505 1011 627 1093 precari
648 1027 754 1075 meum
776 1011 840 1087 est,
869 1009 992 1075 absolui
1013 1026 1075 1073 non
1097 1027 1214 1077 meum.
1248 1008 1304 1075 ubi
1327 1029 1401 1076 uero

272 1118 399 1200 peccato
420 1134 471 1179 me
493 1114 582 1195 dedi,
609 1132 716 1181 seruus
740 1114 935 1181 lestussum
958 1112 1158 1192 accusatorie,
1180 1131 1252 1179 reus
1275 1112 1401 1179 iudicis.

273 1237 399 1303 possum
419 1218 544 1300 propter
559 1218 760 1283 addduarum
774 1235 902 1300 precum
918 1217 1089 1301 praemissa
1102 1216 1250 1301 suffragia
1265 1218 1304 1283 de
1320 1220 1401 1285 bono

272 1322 375 1389 indice
397 1340 486 1405 spem
510 1321 605 1398 ferre,
634 1321 831 1388 innocentem
858 1322 927 1387 sine
948 1322 1061 1387 timore
1083 1320 1304 1387 conscientiam
1328 1326 1403 1387 ante

244 1426 556 1510 tpromulgationom
578 1425 753 1490 sententiae
775 1423 936 1491 uindicare
959 1443 1021 1490 non
1043 1442 1182 1510 possum.
1216 1424 1294 1490 dicit
1317 1427 1439 1491 enimn

190 1529 447 1612 occupaturus:
478 1528 604 1595 nolite
625 1531 717 1594 aute
739 1526 911 1611 tem¹pus
934 1528 1026 1610 quid
1048 1526 1249 1606 iudicare,
1280 1529 1403 1595 donec

272 1631 409 1699 ueniat
430 1632 636 1713 Dominus,
667 1631 731 1713 qui
754 1634 792 1697 et
815 1630 1086 1697 inluminabat
1116 1631 1275 1697 occulta
1297 1633 1402 1699 tene·

275 1739 430 1803 brorum
458 1737 496 1802 et
522 1734 802 1803 manifestabit
831 1735 1004 1801 consilia
1025 1736 1216 1803 cordium:
1246 1738 1284 1801 et
1307 1740 1403 1803 tunc

273 1840 358 1905 laus
397 1842 476 1905 erit
511 1840 726 1924 unicuique
759 1856 778 1904 a
811 1838 899 1905 Deo.
948 1840 1086 1923 alioquin
1119 1840 1147 1905 si
1180 1840 1214 1905 iu
1247 1841 1404 1925 potestate

274 1945 323 2009 est
344 1942 489 2023 hominis,
512 1946 548 2007 ut
569 1941 705 2008 liberum
728 1960 761 2008 se
783 1943 850 2025 ipse
872 1942 969 2009 faciat
984 1962 1003 2009 a
1017 1946 1145 2026 peccato
1166 1962 1238 2025 suo,
1262 1948 1319 2011 aut
1340 1964 1439 2012 nonis

273 2048 321 2110 oet
342 2044 437 2110 iudex
459 2044 602 2111 Christus
623 2050 681 2111 aut
703 2045 822 2111 frustra
844 2048 902 2111 est.

225 2172 263 2234 lt
316 2164 379 2232 Sed
406 2167 485 2232 dicis
513 2166 580 2249 ‘ego
609 2166 673 2233 dixi
699 2166 860 2233 hominem
880 2170 947 2234 sine
969 2172 1095 2253 peccato
1118 2173 1293 2238 secundnm
1317 2173 1401 2239 hunc

274 2288 415 2334 sensum:
445 2270 585 2351 peccator
606 2287 678 2336 cum
698 2270 902 2354 ingemuerit,
933 2278 1009 2339 tunc
1030 2275 1138 2341 ειΙιιιιι
1162 2276 1236 2354 erit,
1258 2276 1318 2341 hoc
1341 2282 1401 2355 eet,

274 2376 350 2437 tuno
372 2372 411 2437 ad
434 2374 568 2437 salutem
583 2372 715 2455 incipiet
728 2373 902 2455 pertinere’.
935 2380 1043 2443 tamen
1067 2379 1132 2443 sine
1148 2381 1274 2462 peccato
1290 2379 1401 2447 statim

274 2493 336 2540 non
365 2476 436 2541 erit.
469 2476 623 2542 Dominus
652 2476 737 2543 enim
764 2497 835 2546 cum
856 2480 1005 2548 intrasset
1029 2483 1158 2549 domum
1178 2483 1312 2552 Zachaei
1334 2502 1439 2552 ore-2⁰

274 2579 387 2658 dentis,
409 2581 468 2645 ait:
492 2580 606 2646 hodie
629 2582 739 2646 salus
767 2583 897 2649 domui
913 2585 1216 2654 huicfactaest.
1239 2591 1400 2672 numquid,

274 2684 300 2747 si
323 2701 404 2747 uuus
428 2683 574 2762 credidit,
604 2684 715 2748 statim
738 2686 885 2752 uniuersa
906 2690 1017 2754 domus
1042 2689 1163 2756 familia
1184 2690 1251 2758 sine
1272 2697 1402 2776 peccato

274 2785 351 2865 fuit,
381 2787 433 2852 cui
462 2790 537 2852 tunc
565 2789 674 2870 utique
699 2791 815 2854 maiore
838 2792 947 2856 domus
969 2793 1115 2859 credente
1138 2793 1267 2862 initium
1288 2796 1402 2863 salutis

245 2889 430 2955 aintrauit?
459 2910 532 2956 nam
554 2892 586 2956 et
600 2891 702 2957 Dauid
724 2911 794 2956 cum
818 2900 976 2976 peccasset
999 2897 1156 2978 ingemuit
1181 2899 1230 2976 et,
1254 2901 1400 2982 quamuis

273 2994 438 3058 memisset
467 2997 576 3060 audire
606 2997 773 3062 dimissum
800 2997 862 3063 sibi
884 3017 950 3064 esse
973 2999 1139 3081 delictum,
1170 3002 1271 3069 multo
1294 3007 1437 3070 tamense

374 3213 518 3253 nvcnonus
554 3201 585 3254 11
604 3200 665 3259 Gor.
686 3206 709 3269 1,
728 3206 755 3268 4,
773 3205 790 3255 5
893 3203 925 3258 21
945 3203 1014 3260 Ince.
1033 3209 1075 3272 19,
1092 3211 1110 3262 9

275 3401 278 3406 ·
326 3385 441 3440 lindisi
459 3389 511 3438 ΦΧ
602 3388 858 3444 4ιιιιιιιοο11οιιθιιι
876 3393 962 3460 (resur
980 3409 1000 3448 s.
1015 3395 1091 3460 ε.)Φ
1185 3397 1291 3466 bpcuri
1309 3401 1334 3451 Φ

272 3471 290 3524 8
317 3471 485 3526 assiduarum
511 3473 616 3524 ΊΨΧΨ
642 3473 655 3543 ΙΙ
682 3481 732 3543 peu
760 3477 784 3526 Φ
812 3477 825 3546 ΙΙ
854 3479 982 3546 premissa
1003 3482 1042 3532 Σ1
1145 3483 1296 3539 lliudieem
1316 3487 1360 3538 u*
1378 3485 1393 3555 ΙΙ

271 3556 349 3625 ferre]
368 3557 438 3607 W
475 3557 532 3611 fore
549 3560 690 3611 2¹WX
728 3560 799 3614 foret
817 3563 853 3615 ml
894 3563 1030 3619 haberes.
1048 3583 1068 3620 s.
1088 3569 1128 3618 2¹
1232 3570 1266 3625 10
1282 3571 1403 3639 promul·

272 3645 410 3713 potionem
434 3648 462 3712 (g
479 3644 512 3696 io
528 3660 598 3711 roa.;
619 3647 706 3711 fuisse
729 3649 790 3706 uid.
808 3651 831 3716 t)
857 3650 887 3700 Ψ
915 3651 928 3721 ΙΙ
960 3653 1100 3708 nendicare
1128 3655 1196 3706 W
1224 3655 1237 3726 ΙΙ
1268 3663 1349 3725 possa
1373 3660 1402 3726 (n

272 3729 339 3782 m.2
356 3729 389 3783 io
400 3733 467 3796 roc.)
484 3731 513 3780 Σ
615 3731 648 3784 12
665 3732 837 3788 illuminabit
854 3737 915 3787 ΣΨ
1016 3739 1049 3792 1o
1066 3739 1185 3795 hominis
1197 3747 1271 3797 asto
1291 3743 1304 3813 ss
1324 3744 1403 3799 lacida

271 3815 300 3864 Σ
403 3815 437 3868 20
463 3814 540 3869 domo
567 3817 636 3869 W
663 3822 687 3880 (o
710 3821 760 3885 fica.
785 3823 1082 3892 mutuastis,
1108 3829 1160 3896 aio,
1187 3830 1221 3897 Φ)
1261 3829 1274 3900 ΙΙ
1314 3830 1403 3884 sachei

272 3899 377 3954 codices
479 3901 511 3955 21
532 3901 631 3972 domui]
650 3902 757 3958 domuro
776 3911 841 3960 unte
858 3924 912 3962 ras.
930 3911 958 3961 Χ
977 3907 990 3981 ΙΙ
1019 3911 1141 3980 nunquid
1162 3913 1192 3966 Ψ
1293 3915 1328 3969 22
1346 3933 1402 3972 cre·

272 3985 343 4038 didit
362 3987 397 4049 (it
412 3988 444 4039 isa
461 4003 516 4041 ras.
533 4005 568 4048 m,
587 3991 617 4056 2)
638 3989 670 4039 Ψ
692 3990 704 4059 ΙΙ
729 3992 845 4061 familia]
863 3995 1034 4046 ΣΡΨΧΨ
1072 3997 1190 4052 familias
1208 4001 1279 4052 'PE‘
1296 4005 1404 4065 (111·’ΨἪ

271 4075 305 4124 ut
326 4071 395 4138 uid.)
422 4089 438 4126 c
540 4073 575 4126 23
601 4075 711 4145 maiore]
741 4077 771 4128 Ψ
795 4083 821 4132 et
842 4081 874 4133 a'n
896 4097 947 4151 ηιμ.
971 4098 985 4137 c
1028 4083 1113 4138 maior
1139 4087 1260 4141 ΣΨΦΧυ
1297 4087 1310 4158 ΙΙ
1349 4105 1403 4145 cre·

271 4155 360 4294 we]
383 4158 419 4222 Ψ,
437 4160 544 4230 cocio
587 4160 859 4221 credendarum
905 4167 1055 4223 credentem
1073 4173 1111 4222 Φ·
1212 4173 1403 4247 coniuncti
