2934 4975
423 361 525 417 hiber
546 362 786 432 apologeticus
814 363 884 419 1.8.
1156 365 1219 432 613

84 553 176 618 quam
198 533 314 600 uidisse
337 533 514 600 mirandum
536 535 600 613 est,
631 533 783 616 quomodo
809 551 910 601 sermo
933 535 1081 603 dimissus
1105 538 1210 602 tantm

85 636 279 702 aduersarios
309 638 445 721 collegas
473 636 691 719 auditoresque
711 637 908 719 praeterierit
930 639 961 704 et
983 638 1096 706 inscias
1119 658 1210 706 eures

83 742 173 826 gnari
196 741 349 806 auditoris
375 740 554 807 intrauerit.

126 867 187 935 Sed
209 887 267 953 ego
289 869 391 936 calore
414 870 557 934 nomimis
578 869 722 951 inpulsus
743 868 820 934 setis
836 885 984 951 urgueorz
1014 870 1124 935 excedo
1140 875 1240 952 pro-8

63 971 227 1038 slessiouis
249 973 387 1038 modum.
422 973 652 1038 concedendum
673 973 722 1036 est
736 969 851 1052 magis,
874 973 911 1034 ut
926 971 1078 1054 interpres
1094 989 1212 1039 errasse

85 1075 216 1141 dicendo
248 1094 344 1158 quem
377 1077 541 1159 episcopus
571 1074 722 1140 audiendo
753 1073 879 1138 finxisse
911 1071 1056 1140 uideatur
1077 1078 1110 1140 et
1132 1095 1213 1141 nunc

84 1179 125 1246 ed
147 1179 249 1246 uicem
271 1179 424 1244 mercedis
446 1197 542 1261 quem
564 1176 727 1243 haereticis
750 1176 910 1259 praestitit
933 1177 1103 1260 exigendae
1117 1177 1213 1244 falsos

84 1283 119 1347 in
148 1282 339 1348 adiutorium
369 1283 418 1346 sui
447 1284 545 1345 testes
574 1297 739 1362 quaerere3
776 1282 889 1364 quippe
919 1299 990 1346 cum
1018 1280 1127 1347 mirari
1150 1281 1241 1346 ieme

85 1403 177 1450 nemo
205 1385 319 1450 debeat
349 1382 490 1466 conquiri
513 1383 545 1446 et
566 1383 699 1447 existere
721 1383 816 1447 falsos
839 1384 936 1448 testes
958 1383 993 1448 iu
1016 1383 1214 1450 Hierusalem

53 1507 106 1555 roe
136 1486 352 1553 sacerdotibus
380 1491 475 1572 atque
505 1485 692 1551 senioribus:
726 1485 785 1551 hoc
815 1487 943 1567 sanquis
967 1486 1120 1571 Stephani
1151 1487 1215 1552 cle·

85 1593 208 1670 mabet,
241 1591 300 1657 hoc
330 1590 503 1655 dominicae
535 1591 636 1656 erucis
667 1589 784 1654 uexilla
805 1589 1001 1672 significent,
1037 1589 1094 1656 hoc
1118 1591 1217 1655 etiem

85 1713 170 1760 nuuc
203 1695 336 1760 excitata
363 1711 420 1778 per
447 1711 497 1760 eos
529 1691 711 1758 manifestet
740 1692 874 1759 intorto.
911 1693 965 1759 sod
999 1693 1074 1759 beec
1109 1696 1218 1759 utrum

85 1800 126 1864 ab
158 1799 301 1881 episcopo
339 1800 457 1863 temere
494 1797 613 1863 credite
649 1814 689 1861 eu
722 1796 880 1862 malitiose
918 1795 992 1862 dcte
1028 1815 1067 1862 eu
1107 1798 1217 1879 ignare

85 1900 253 1967 subaudita
285 1901 470 1979 uideantur,
502 1899 630 1966 Christo
662 1898 760 1965 iudici
794 1899 993 1966 discutienda
1022 1900 1215 1966 commendo.

54 2033 76 2072 o
86 2004 171 2071 absit
208 2023 227 2070 a
262 2015 314 2069 me
350 2023 513 2086 umquem,
556 2005 593 2067 ut
629 2019 685 2087 ego
720 2021 855 2085 pauper,
893 2005 1052 2085 peccator,
1089 2001 1245 2085 ignotast

87 2107 268 2191 episcopum
300 2109 332 2172 st
360 2105 526 2191 praecipue
555 2105 791 2189 Hierosolymes
826 2105 958 2171 audeam
989 2109 1028 2172 ed
1057 2107 1217 2187 episcopos

87 2228 264 2293 prouocare.
299 2229 370 2276 mee
391 2209 471 2276 mihi
492 2211 575 2293 epnd
597 2209 878 2275 eminentissimum
902 2208 1091 2274 Trinitatem
1114 2207 1216 2272 omui·

86 2315 244 2396 potentiae
265 2314 324 2379 Dei
347 2316 380 2379 et
400 2313 484 2396 apud
518 2312 681 2378 uniuersos
714 2329 819 2377 seruos
852 2313 918 2376 eius
949 2311 1119 2377 catholicos
1141 2312 1219 2375 sim·

86 2415 210 2499 plicites
228 2419 260 2482 et
275 2417 416 2500 probatio
437 2419 489 2482 set
504 2418 561 2481 est.
596 2416 711 2480 testem
726 2417 838 2481 inuoco
854 2415 954 2480 Deum
970 2431 1065 2498 super
1080 2413 1248 2478 enimem4

56 2538 207 2599 mmmm,
245 2521 417 2587 beatissimi
452 2521 644 2597 sacerdotes,
678 2518 850 2585 scientibus
883 2520 960 2583 hese
991 2522 1101 2585 eadem
1131 2518 1219 2583 uobis

88 2642 272 2707 mecumque
295 2625 496 2702 testantibus,
519 2623 640 2689 nullam
663 2641 714 2688 me
736 2623 768 2688 in
792 2622 847 2687 illo
863 2624 1017 2687 conuentu
1040 2624 1144 2686 uestro
1167 2638 1218 2685 ore

88 2744 157 2791 meo
185 2726 353 2809 protulisse
383 2726 612 2809 blasphemiam
641 2744 741 2809 neque
771 2723 985 2789 huiuscemodi
1015 2724 1110 2789 uerte
1139 2740 1218 2805 quae

89 2830 169 2894 mihi
191 2828 231 2894 eb
254 2832 396 2913 episcopo
411 2830 552 2895 Iohanne
573 2832 649 2893 sunt
670 2828 794 2893 obieeta
817 2826 942 2905 dixisse,
968 2826 1025 2891 hoc
1040 2830 1098 2902 est,
1122 2823 1218 2889 etiem

141 3140 423 3211 ltentos1th
465 3140 798 3207 murmuraverat
900 3138 1105 3209 eprusrieriut
1127 3135 1221 3203 (ude-

88 3236 182 3302 letrms)
205 3236 234 3287 Σ
341 3234 635 3289 emendemur
743 3233 1039 3303 dinumeremus
1077 3230 1089 3300 ΙΙ
1127 3245 1222 3300 urgeor

90 3331 151 3383 ΣΨ
248 3329 405 3385 benmet
422 3330 490 3383 Μ
532 3344 662 3383 errassem
682 3330 720 3382 Τ·
823 3326 982 3395 lemine
1000 3326 1077 3393 (fort.
1093 3340 1165 3381 crae.
1183 3325 1223 3391 iu)

92 3426 123 3476 Ψ
142 3426 156 3495 ΙΙ
178 3423 302 3479 hereticis
319 3423 423 3481 codices
442 3424 455 3494 ΙΙ
477 3423 601 3493 prestitit
617 3426 645 3477 Σ
746 3422 912 3492 teonquiri]
931 3436 946 3477 c
962 3421 993 3476 tc
1009 3431 1061 3491 neq.
1096 3416 1224 3487 conqueri

91 3520 216 3575 ΣΝΧυ
256 3520 322 3587 r(s'.
341 3518 667 3588 e.eauecte)9queri
683 3518 931 3573 soresmos
961 3516 974 3586 ΙΙ
1011 3514 1147 3579 *resistere
1164 3515 1224 3580 (ne

89 3615 121 3669 ta
136 3618 206 3684 rae.)
222 3618 252 3669 Χ
291 3614 403 3669 existere
422 3615 529 3682 (musso
547 3615 585 3681 et)
607 3613 638 3663 Ψ
658 3612 671 3683 ss
693 3612 792 3665 iherlm
811 3614 839 3663 Χ
880 3610 966 3664 ierl’m
988 3609 1018 3659 Ψ
1120 3606 1153 3661 10
1170 3606 1223 3661 cla·

91 3709 192 3779 mahat]
211 3710 349 3763 ΣΝΧΨ
379 3709 512 3765 clamate
600 3707 632 3760 11
650 3705 809 3760 udaeam
825 3704 972 3771 dulce-12
985 3700 1100 3756 excitate
1118 3708 1186 3757 coto
1203 3718 1223 3754 r·

90 3806 122 3858 ἐπ
138 3819 224 3873 morq.
238 3800 329 3859 adser.
348 3806 377 3856 X
479 3798 868 3867 12manifestatiniurm12r
903 3794 1049 3867 mrescutio
1067 3795 1225 3850 manifestat

93 3898 143 3951 Ψυ
177 3897 336 3953 manifestat
354 3898 471 3951 2¹qu
487 3896 500 3966 ΙΙ
519 3900 612 3949 utrum
629 3893 694 3948 haec
713 3896 741 3947 Σ
825 3892 859 3946 13
876 3892 1002 3960 ignorare
1021 3892 1048 3943 Σ
1134 3890 1168 3944 14
1185 3890 1226 3943 iu-

91 3992 159 4047 diei·
182 3996 275 4058 (creec
296 3994 317 4059 i)
345 3996 368 4047 Φ
474 3990 507 4045 15
532 4005 651 4058 unquam
679 3988 739 4041 ΧΨ
785 4002 866 4057 quem
894 3986 932 4040 Φ·
960 3985 973 4056 [Ι
1002 3984 1088 4057 (paup
1106 3986 1227 4053 peccatu

91 4086 232 4159 iuuentus
255 4087 364 4143 sem
380 4087 414 4141 tae
428 4101 485 4141 rae.
504 4083 604 4155 petto
621 4084 728 4139 senon
753 4088 822 4137 uel
851 4082 881 4133 Ψ
983 4080 1016 4135 16
1042 4076 1226 4133 hierosolimae

92 4184 145 4235 ΣΡ
184 4181 355 4250 iherosolimq
373 4184 402 4235 Χ
434 4178 586 4235 ierosolims
605 4177 636 4227 Ψ
733 4177 766 4230 17
785 4175 869 4231 miehi
885 4178 913 4227 X
1016 4172 1051 4227 20
1068 4168 1226 4237 scientibus]

93 4286 173 4339 zen
210 4284 388 4340 munusue
406 4285 458 4351 (ase
473 4274 609 4343 demam
629 4282 670 4349 Ψ)
689 4268 767 4335 one
788 4278 802 4348 q
824 4277 902 4333 mon
919 4276 984 4331 naso
1000 4272 1092 4329 neem
1109 4289 1125 4327 a
