2934 4975
399 348 578 404 aduersum
595 362 744 418 paganos
760 346 818 403 1111
847 348 871 405 9.
1139 353 1203 421 233

43 539 149 589 naues
186 523 345 591 onerarias
379 521 580 605 nobilemque
611 524 758 605 praedam
793 522 961 587 erudeliter
998 522 1192 605 adquisitam
1264 528 1267 535 '

43 625 229 693 infelieiter
248 626 461 709 perdiderunt
495 624 574 691 uioit
600 624 770 707 aliquando
792 625 874 708 apud
895 626 1052 693 Romanos
1073 626 1242 710 laipno-12

43 728 221 795 tissimum
243 730 448 811 cupiditatem
464 727 632 794 enormitas
653 728 867 798 miseriarum:
890 747 961 795 narn
985 732 1097 813 patres,
1121 732 1192 813 qui·

43 831 108 895 bus
132 833 204 897 iarn
226 832 372 899 nautioae
393 831 441 898 r'ei
470 832 650 915 pomerum
678 834 777 910 esset,
812 832 974 899 decreuere
997 851 1035 898 ne
1057 832 1192 917 amplius

24 952 150 1016 aquarn
173 934 340 1017 suaglnta
361 933 490 1001 nauium
506 934 615 1001 elassis
631 935 671 1000 ad
686 933 864 1003 subsidium
882 936 1048 1003 habentur
1063 936 1193 1020 Italiae;

44 1038 135 1118 quod
169 1035 297 1119 quidem
325 1038 485 1103 decretum
519 1038 668 1103 eontinuo
697 1038 802 1104 adacti
835 1039 988 1107 indomita
1022 1038 1195 1122 eupiditate

44 1142 219 1221 ruperunt.
252 1142 414 1223 praetem
428 1137 522 1206 Cotta
543 1142 651 1207 consul
672 1142 707 1207 in
722 1140 864 1209 Sieiliam
887 1146 1099 1226 transgressus
1112 1141 1193 1225 ·pln·
1206 1151 1243 1206 13

45 1242 143 1306 rimis
181 1242 310 1325 proeliis
346 1245 514 1309 aduersum
550 1243 669 1309 Poenos
706 1248 739 1309 et
776 1243 897 1311 Sionlos
934 1248 1016 1311 terra
1053 1247 1203 1328 marique

45 1346 212 1430 pugnauit
234 1348 266 1410 et
288 1364 342 1429 per
364 1346 465 1411 totam
480 1345 621 1413 Siciliam
643 1347 759 1429 partim
782 1347 931 1426 hostium,
954 1347 1072 1430 partim
1096 1348 1194 1413 stiam

17 1450 212 1514 asoeiorum
232 1447 415 1515 inhumatas
437 1454 558 1533 strages
579 1449 718 1533 reliquit.

90 1552 133 1617 L
158 1549 298 1617 anoilio
320 1553 451 1619 Metello
480 1551 514 1619 O.
538 1552 633 1618 Furio
655 1553 783 1619 Plaor'do
813 1551 993 1621 oonsulibus
1015 1553 1245 1623 Hasdruba114

47 1672 157 1720 nouus
198 1653 506 1741 Carthaginiensium
538 1657 709 1739 imperator
747 1675 818 1723 oum
855 1658 1029 1741 elephantis
1067 1650 1194 1723 uentum

48 1757 191 1840 triginta
212 1762 244 1822 ot
266 1757 408 1841 equitum
430 1758 636 1843 peditumque
659 1759 795 1842 amplius
810 1762 944 1844 triginta
958 1758 1090 1827 milibus
1105 1760 1193 1845 lily·

49 1862 173 1925 haeum
196 1862 283 1926 uenit
305 1882 343 1927 ex
362 1863 470 1927 Afrioa
491 1865 523 1926 et
545 1864 693 1928 continuo
716 1881 789 1928 ourn
811 1863 940 1930 Metello
963 1864 1089 1930 oonsule
1112 1868 1193 1948 apud

19 1964 250 2029 aPariormum
282 1981 421 2048 pugnam
455 1965 623 2031 conseruit.
674 1970 728 2031 sed
763 1968 910 2032 Metellus
944 1966 1012 2031 uim
1045 1979 1244 2053 magnemlt

50 2066 222 2133 beluarum
245 2070 360 2133 timens
384 2068 471 2152 prius
493 2087 545 2133 eas
566 2087 680 2153 magno
702 2088 778 2135 usus
802 2070 933 2137 oonsilio
956 2070 1008 2135 uel
1030 2070 1063 2135 in
1086 2071 1195 2155 fugem

51 2171 107 2235 uel
132 2169 165 2234 in
188 2172 322 2237 mortem
344 2173 411 2254 egit
433 2172 467 2237 at
482 2172 527 2236 sio
543 2170 635 2238 faoile
650 2174 795 2255 quamuis
811 2191 957 2259 magnam
973 2172 1040 2238 uim
1056 2174 1195 2241 hostium

50 2277 236 2355 superauit:
259 2292 309 2339 xx
326 2276 415 2340 milia
429 2274 737 2359 Carthaginiensium
760 2277 793 2341 in
816 2293 851 2342 eo
873 2276 990 2359 proelio
1005 2294 1094 2343 oaesa
1109 2281 1193 2355 sunt,

52 2376 221 2460 elephanti
242 2396 363 2461 quoque
385 2398 439 2445 sen
462 2382 495 2444 et
516 2379 634 2465 uiginti
655 2378 826 2445 intorfe'oti
848 2380 976 2445 eentum
998 2380 1029 2444 et
1044 2382 1194 2462 quattuor
1203 2418 1225 2458 p.
1240 2406 1280 2449 au

19 2481 142 2564 serapti
169 2482 202 2546 et
227 2500 282 2564 per
295 2481 424 2548 Italiam
451 2484 536 2549 duoti
563 2484 736 2550 marimum
751 2482 874 2549 Italicis
901 2483 1045 2566 gentibus
1072 2482 1195 2566 speeta-

54 2587 166 2650 eulum
190 2583 414 2669 praebuerunt
443 2586 625 2654 Hasdrubal
647 2606 719 2652 oum
734 2588 842 2669 pausis
856 2585 1041 2670 Lilybaeum
1056 2585 1195 2670 profugit

54 2692 154 2770 atque
178 2686 291 2754 absens
312 2707 332 2753 a
353 2689 468 2758 Poenis
490 2691 603 2774 eapitis
626 2691 793 2756 damnatus
816 2692 872 2756 est.

161 2907 304 2948 erorum
338 2896 355 2963 θ
374 2895 457 2963 ΙΗ
478 2895 511 2951 15
527 2895 633 2950 Huius
650 2895 721 2950 roro
738 2901 770 2950 ut
787 2893 846 2949 utel.
865 2898 900 2949 18
918 2893 965 2964 (uei
983 2893 1000 2964 ᾖ
1021 2894 1055 2949 14
1067 2897 1095 2949 et
1109 2893 1141 2950 15
1159 2893 1194 2960 of.

55 2980 183 3048 Καίτοι).
201 2982 230 3045 2,
247 2983 298 3049 24,
314 2979 354 3035 ad
370 2981 387 3050 ᾗ
406 2981 440 3051 15,
457 2981 603 3050 Periocha)

108 3151 269 3205 fremonus
281 3153 308 3217 (o
321 3151 371 3206 ult
383 3167 418 3206 aa
430 3151 487 3221 ul)
505 3153 533 3208 Β
567 3169 693 3208 romanus
710 3153 741 3208 D
752 3152 994 3224 {liuprobiesimanr
1012 3153 1040 3210 Β
1122 3153 1139 3206 3
1157 3152 1197 3206 in-

57 3237 175 3290 ormihs
197 3237 240 3292 Β·
281 3236 445 3292 inhormiter
468 3237 497 3305 (h
515 3253 618 3294 rausero
634 3241 743 3307 fartum
760 3255 796 3295 eu
813 3238 831 3294 b
846 3238 871 3299 fl
888 3239 920 3294 D
1021 3241 1039 3296 5
1062 3253 1100 3293 nx
1117 3238 1145 3295 Β
1174 3238 1187 3309 u

56 3321 140 3376 elusis
157 3322 202 3378 Β·
302 3322 452 3378 Seouerou
471 3327 499 3393 (il
518 3325 722 3393 amuleto.)
741 3326 769 3383 Β
792 3325 805 3396 ΙΙ
827 3324 925 3380 sieolus
943 3325 974 3378 D
1075 3323 1196 3393 ipatim

55 3409 100 3464 Β·
206 3407 240 3463 10
257 3410 389 3464 sotiorum
406 3409 446 3464 Βι
549 3412 581 3466 11
603 3411 676 3467 lneio
693 3411 792 3468 11lel
827 3411 901 3466 luae>
917 3409 959 3466 Β·
987 3410 1000 3481 ΙΙ
1028 3410 1099 3464 eaelo
1117 3409 1146 3464 D
1173 3409 1186 3479 ΙΙ

56 3493 171 3548 metello
187 3509 239 3549 oua
257 3493 286 3550 12
321 3495 446 3551 ometello
463 3495 494 3552 D
518 3495 531 3569 ΙΙ
552 3503 579 3568 g·
597 3498 624 3553 L
657 3495 1199 3568 gnioRDllplaoid01‘LB(ttrmDu·

55 3580 179 3649 tropina)
214 3579 315 3649 plaoito
327 3580 367 3647 D,
402 3579 739 3639 Paeilooorr.Futra'oe’ua
755 3584 794 3637 at
812 3581 825 3653 ΙΙ
846 3587 933 3638 uenies·
955 3582 982 3638 D
1052 3581 1086 3635 12
1103 3579 1197 3636 karth-

55 3665 85 3722 Β
106 3665 122 3736 ΙΙ
145 3666 287 3733 inperetur
303 3665 334 3722 D
355 3666 369 3737 ΙΙ
390 3667 547 3737 elephantes
563 3668 606 3724 Β·
628 3669 641 3740 ΙΙ
662 3674 773 3724 eentm
790 3672 916 3740 negante
933 3668 964 3723 D
998 3683 1080 3727 om·
1101 3666 1128 3721 Β

57 3753 91 3806 13
109 3750 235 3819 equitnm
252 3751 313 3821 (aed
328 3767 343 3806 e
359 3768 380 3806 a
398 3754 432 3821 r.)
450 3753 478 3810 Β
502 3753 524 3824 ἸΙ
545 3755 666 3824 trigenta
682 3755 714 3808 D
757 3771 812 3814 m
830 3755 858 3810 Β
880 3754 894 3825 ΙΙ
916 3753 1055 3824 lylybeum
1072 3752 1102 3808 Β
1141 3751 1197 3806 lili·

55 3837 139 3891 beum
164 3836 196 3891 D
299 3837 335 3893 14
359 3839 430 3908 oum]
454 3843 485 3894 oo
509 3838 550 3895 Β·
661 3843 695 3896 15
721 3839 898 3912 phanormnm
921 3838 970 3894 red
993 3839 1111 3894 horare
1134 3837 1162 3892 Io

56 3938 202 3992 pueram
225 3923 256 3978 D
370 3926 405 3980 18
422 3926 575 3984 exn-milia
598 3926 626 3982 L
672 3943 710 3986 xx
727 3927 806 3982 milia
827 3927 855 3983 Β
904 3925 1007 3996 uiginti
1024 3923 1102 3979 milia
1118 3923 1149 3978 D
1177 3923 1190 3994 ll

57 4007 198 4064 lartio-B
299 4009 529 4080 ltelepantiR·
551 4012 791 4083 fimeta-B
813 4013 826 4084 ΙΙ
853 4009 1201 4080 ·otmrumiaros.)

58 4097 86 4150 Β
172 4093 207 4149 21
225 4093 365 4165 lylpteum
383 4095 411 4152 Β
444 4097 569 4154 lilibeum
586 4098 618 4152 D
637 4098 650 4169 ΙΙ
670 4098 795 4169 oonfugit
813 4100 839 4154 L
856 4101 930 4155 solus
964 4097 1089 4168 profugit
1107 4097 1199 4162 eorm,

59 4179 382 4251 fflpuodprolnielf
412 4181 532 4252 fugito
632 4183 751 4240 aare
769 4201 823 4240 roe.
842 4201 877 4242 m.
896 4190 912 4241 1
930 4184 960 4239 D
987 4183 1000 4254 Η
1028 4183 1116 4252 eapite
1134 4181 1164 4236 D

58 4269 153 4338 eaptus
172 4265 259 4324 LNO
281 4267 295 4338 ΙΙ
318 4266 480 4338 dampnatus
498 4270 527 4338 (p
544 4275 634 4337 nuru)
653 4269 683 4327 Β
