2934 4975
421 326 601 381 aduersum
620 342 771 397 paganos
793 324 818 379 V
848 328 871 383 1.
1146 328 1209 393 279

55 501 217 566 continue
232 498 434 582 possidemus.
457 495 639 579 inquietudo
658 498 741 561 enim
757 497 919 577 bellorum,
943 518 1005 581 qua
1025 498 1075 563 illi
1098 498 1200 564 attriti
1212 508 1251 562 12

56 605 162 681 sunt,
195 602 283 668 nobis
311 600 419 684 ignota
447 604 505 665 est.
542 602 576 665 in
602 600 665 665 otio
701 602 823 681 antem,
852 604 932 684 quod
963 601 1013 666 illi
1041 606 1111 684 post
1141 602 1201 666 im-

56 708 195 790 perium
219 704 356 769 Caesaris
388 703 648 785 natiuitatemque
675 703 792 769 Christi
823 705 959 769 tenuiter
985 704 1200 787 gustanerunt

58 829 126 875 nos
147 810 311 875 naeoimur
332 812 363 872 et
385 809 589 890 senescimus3
612 808 693 888 quod
715 808 781 872 illis
805 806 873 873 erat
896 807 1002 873 debite
1016 808 1120 892 pensio
1135 826 1201 871 ser·

37 913 187 977 auitntis
205 910 295 977 nobis
316 912 364 977 est
383 912 484 977 libera
497 910 632 976 conlatio
647 910 844 989 defensionis
869 913 1056 993 tantumque
1071 910 1201 976 interest
1213 919 1251 974 13

59 1019 153 1081 inter
176 1015 348 1100 praeterita
367 1014 604 1097 praesentiaque
624 1017 774 1096 tempora,
797 1014 833 1079 ut
848 1014 929 1096 qood
946 1016 1046 1080 Roma
1060 1014 1094 1080 in
1109 1034 1200 1081 usum

60 1120 214 1184 luxuriae
235 1136 310 1183 eoae
331 1118 413 1182 ferro
436 1119 638 1199 extorquebat
661 1114 833 1197 ano¹stris‚
857 1136 941 1183 nuno
958 1118 992 1181 in
1007 1138 1100 1183 usum
1116 1137 1232 1193 eom-p.
1246 1141 1284 1185 aar

60 1223 177 1287 munis
205 1220 395 1305 reipublicae
424 1221 563 1286 conferat
591 1222 660 1302 ipsa
689 1221 860 1286 nobiseum.
895 1223 950 1286 aut
978 1221 1005 1285 si
1034 1222 1200 1304 abaliquo

61 1326 190 1390 dieitur
211 1324 439 1390 tolerabiliores
461 1323 641 1406 parentibus
665 1324 779 1389 nostris
796 1324 952 1389 Romanos
969 1324 1073 1390 hostes
1096 1323 1200 1404 fuisse,

29 1449 167 1512 requam
197 1430 284 1494 nobis
314 1426 431 1492 Gothos
460 1446 540 1505 essa
570 1426 679 1492 audiet
708 1427 740 1491 et
762 1428 944 1509 intelleget,
973 1430 1088 1512 quanto
1110 1428 1202 1494 aliter
1268 1458 1278 1485 ι

62 1550 168 1615 quam
191 1532 272 1596 eirea
293 1550 326 1596 se
348 1532 448 1613 ipsum
471 1532 575 1614 agitur
598 1533 658 1596 sibi
680 1550 747 1595 esse
770 1532 924 1597 uideatur.

111 1632 202 1700 Olim
225 1652 296 1699 oum
320 1634 402 1699 bella
423 1637 491 1699 toto
513 1632 596 1699 Orbe
611 1635 782 1713 teruebaut,
807 1653 946 1718 quaeque
960 1634 1120 1717 prouincia
1137 1636 1201 1704 suis
1215 1646 1254 1701 14

62 1740 200 1822 regibus
221 1738 285 1802 suis
308 1736 432 1820 legibus
455 1736 580 1819 suisque
601 1737 739 1802 moribus
762 1736 922 1813 utebatur,
945 1757 1000 1804 neo
1022 1740 1088 1803 erat
1104 1738 1202 1803 sooie·

62 1846 118 1908 tae
136 1842 359 1919 adfectionum,
378 1840 433 1904 ubi
447 1839 622 1905 dissidebat
636 1840 798 1906 diuersitas
815 1842 1021 1925 potestatum
1044 1842 1201 1923 postremo

29 1945 193 2010 resolutas
216 1950 247 2009 et
269 1945 418 2009 barbaras
449 1946 558 2029 gentes
588 1944 662 2027 quid
685 1944 813 2011 taudem
836 1945 875 2011 ad
898 1945 1079 2011 societatem
1102 1944 1200 2009 uddu-

65 2051 171 2126 ceret‚
200 2066 275 2131 quas
304 2047 436 2111 diuersis
464 2065 624 2113 saororum
655 2047 769 2112 ritibus
791 2048 950 2113 institutas
973 2048 1070 2112 etiam
1091 2046 1201 2129 religio

65 2152 261 2235 separabat?
293 2151 321 2215 si
354 2151 423 2233 quis
456 2148 556 2235 igitur
589 2151 664 2215 tuno
699 2150 869 2215 acerbitate
906 2150 1060 2216 malorum
1098 2151 1199 2215 uictus
1216 2160 1253 2215 lo

67 2256 210 2342 patriam
244 2273 317 2319 oum
348 2255 438 2319 hoste
471 2255 621 2333 desernit,
656 2273 750 2337 quem
778 2254 906 2321 tandem
935 2256 1077 2339 ignotum
1098 2253 1203 2317 loonm

68 2361 200 2443 ignotus
216 2360 316 2424 adiit?
339 2376 431 2441 qoam
454 2361 581 2442 gentem
603 2357 791 2440 generaliter
813 2357 932 2423 hostem
957 2358 1057 2425 hostis
1080 2356 1205 2424 orauit?

33 2464 124 2531 aeui
143 2482 177 2530 se
192 2480 359 2546 congressu
374 2462 475 2544 primo
490 2461 632 2540 eredidit,
648 2479 708 2527 non
725 2459 872 2528 societate
887 2459 1022 2528 nominis
1039 2458 1203 2538 inuitatus,

70 2588 136 2633 non
152 2567 368 2632 communione
383 2565 460 2630 iuris
475 2566 638 2643 adductus,
662 2586 725 2632 non
739 2565 900 2650 religionis
918 2566 1038 2632 unitate
1054 2567 1203 2630 securos?

72 2691 115 2738 an
140 2689 253 2752 perum
276 2669 408 2751 exempli
431 2669 583 2735 dederunt
606 2669 725 2735 Busiris
748 2671 781 2736 in
804 2671 947 2754 Aegypto
969 2668 1202 2754 peregrinorum
1218 2674 1254 2728 16

70 2773 242 2838 infeliciter
270 2773 496 2838 incurrentium
525 2772 731 2856 impiissimus
760 2773 956 2850 immolator,
990 2772 1205 2836 erudelissima

72 2879 159 2940 eirea
181 2879 314 2942 aduenas
330 2877 448 2944 Dianae
460 2878 610 2943 Tauricae
632 2877 726 2943 litora
748 2879 800 2942 sed
822 2877 923 2959 magis
947 2895 1035 2940 saera
1057 2873 1202 2952 crudelia,

38 2979 209 3044 aThraoia
237 3001 308 3045 oum
336 2981 546 3066 Polymestore
575 3001 631 3046 suo
658 2999 756 3064 usqua
783 2979 822 3045 ad
851 2980 1036 3062 propinquos
1065 2975 1202 3058 hospites

180 3165 320 3206 rumonus
355 3157 371 3218 ς
390 3153 423 3205 16
441 3152 737 3208 Busiris-immolator
755 3153 826 3220 ofil,
839 3156 872 3206 11
888 3153 937 3218 §2
957 3149 970 3220 ΙΙ
989 3148 1204 3210 erudelissima-

75 3235 206 3289 scelerate
222 3238 330 3306 ipnotros

131 3392 331 3459 lpossedemue
350 3392 431 3448 L·D¹
459 3393 471 3463 ΙΙ
500 3410 571 3463 quse
588 3396 636 3463 (er.
655 3395 676 3462 i)
694 3395 723 3450 R
752 3394 764 3464 ΙΙ
793 3393 888 3447 adtriti
906 3393 937 3446 D
1038 3389 1065 3445 6*
1078 3389 1205 3458 preterita

76 3475 107 3532 Β
142 3478 155 3548 ΙΙ
190 3495 240 3532 usu
264 3479 294 3532 D
396 3479 518 3534 laem.
542 3479 569 3534 L
671 3481 688 3534 9
712 3479 880 3535 tolerabilius
902 3477 940 3532 L¹
1044 3477 1077 3530 10
1099 3473 1205 3546 quando

77 3563 118 3618 D’
220 3568 254 3620 12
270 3567 341 3620 bella
358 3567 416 3620 toto
434 3567 507 3638 orbe]
524 3570 582 3622 toto
600 3568 663 3622 orbe
679 3567 753 3623 bella
769 3567 797 3624 R
834 3567 847 3637 ΙΙ
884 3565 1013 3635 quaeque]
1033 3577 1205 3632 unaquaeqne

78 3651 120 3705 D²
155 3651 168 3722 ll
204 3653 261 3706 suis
278 3651 385 3722 legibue
409 3652 464 3706 suis
482 3653 591 3722 regibus
615 3653 642 3708 L
746 3653 780 3707 13
807 3653 863 3706 suis
886 3651 991 3721 legibue
1008 3667 1058 3704 om.
1079 3647 1136 3702 DA

82 3738 114 3791 14
136 3737 306 3792 affectionum
329 3739 357 3794 R
401 3739 574 3794 affectionum
591 3739 620 3792 D
649 3739 662 3809 ΙΙ
690 3738 838 3793 dissidebat
857 3739 891 3805 (si
909 3740 940 3791 ia
958 3753 1011 3793 roe.
1030 3753 1065 3790 m.
1083 3737 1113 3800 2)
1133 3735 1160 3789 R
1183 3733 1195 3803 ΙΙ

81 3823 410 3892 aduordtmdpotastatum
437 3826 466 3892 (d
492 3825 609 3880 atteram
636 3825 686 3879 det
713 3828 794 3894 m.1)
821 3825 849 3878 L
886 3824 898 3895 ΙΙ
934 3825 1071 3893 postremi
1097 3821 1138 3874 D²

82 3911 114 3965 15
135 3897 207 3979 imo]
230 3910 278 3980 qus
301 3907 332 3965 n
367 3912 380 3981 p
415 3910 598 3967 taenaron
617 3913 664 3979 (ef.
683 3910 895 3978 rotonenses)
1010 3909 1044 3962 se
1068 3906 1205 3960 institutis

81 3996 108 4051 R
208 3997 241 4050 17
260 3997 406 4050 eoemitate
423 3998 450 4051 L
552 3998 588 4051 20
610 3998 765 4068 congressui
782 3998 822 4054 13²
924 3997 958 4051 21
979 3993 1102 4049 addictus
1121 3993 1140 4062 (i
1158 4008 1204 4046 ro-

83 4081 167 4137 dendo
185 4100 220 4138 ex
237 4087 266 4149 ul
284 4083 313 4138 R
342 4082 354 4153 ΙΙ
383 4083 526 4154 relegionis
549 4085 590 4140 R¹
620 4085 632 4156 ΙΙ
661 4085 769 4139 unitate
791 4083 832 4138 D*
939 4083 974 4136 22
995 4081 1108 4135 busiriss
1130 4079 1170 4133 D¹

83 4166 193 4223 busiridi
210 4170 252 4224 D'
271 4169 285 4239 ΙΙ
304 4169 412 4238 aegipto
429 4168 458 4223 D
544 4171 578 4224 23
595 4170 764 4240 impiissimus
776 4169 817 4226 R*
837 4170 849 4240 ΙΙ
869 4169 1027 4224 immolatur
1040 4165 1137 4221 LDR·

82 4252 115 4306 25
129 4253 316 4324 polymeatore]
335 4252 385 4318 ng
418 4255 586 4324 polimestoro
604 4255 657 4320 D3
692 4257 888 4326 polymnestore
904 4254 1022 4321 LtHlo
