<?xml version="1.0" encoding="UTF-8"?>
<!DOCTYPE html PUBLIC "-//W3C//DTD XHTML 1.0 Transitional//EN"
    "http://www.w3.org/TR/xhtml1/DTD/xhtml1-transitional.dtd">
<html xmlns="http://www.w3.org/1999/xhtml" xml:lang="en" lang="en">
 <head>
  <title>
</title>
<meta http-equiv="Content-Type" content="text/html;charset=utf-8" />
  <meta name='ocr-system' content='tesseract 3.04.00' />
  <meta name='ocr-capabilities' content='ocr_page ocr_carea ocr_par ocr_line ocrx_word'/>
</head>
<body>
  <div class='ocr_page' id='page_1' title='image "./corpusscriptoru18wissgoog/corpusscriptoru18wissgoog_0689.png"; bbox 0 0 2934 4975; ppageno 0'>
   <div class='ocr_carea' id='block_1_1' title="bbox 446 315 1193 388">
    <p class='ocr_par' dir='ltr' id='par_1_1' title="bbox 446 315 1193 388">
     <span class='ocr_line' id='line_1_1' title="bbox 446 315 1193 388; baseline 0.003 -14"><span class='ocrx_word' id='word_1_1' title='bbox 446 317 602 388; x_wconf 69' lang='lat' dir='ltr'><strong>capreola</strong></span> <span class='ocrx_word' id='word_1_2' title='bbox 624 317 682 373; x_wconf 85' lang='grc' dir='ltr'><strong>ιιι.</strong></span> <span class='ocrx_word' id='word_1_3' title='bbox 700 315 817 372; x_wconf 83' lang='grc' dir='ltr'><strong>ιιιι.ι.</strong></span> <span class='ocrx_word' id='word_1_4' title='bbox 1132 317 1193 386; x_wconf 75' lang='lat'><strong>581</strong></span> 
     </span>
    </p>
   </div>
   <div class='ocr_carea' id='block_1_2' title="bbox 12 489 1185 2850">
    <p class='ocr_par' dir='ltr' id='par_1_2' title="bbox 51 489 1185 1292">
     <span class='ocr_line' id='line_1_2' title="bbox 51 489 1185 571; baseline -0.006 -11"><span class='ocrx_word' id='word_1_5' title='bbox 51 496 139 560; x_wconf 74' lang='lat' dir='ltr'>XLV.</span> <span class='ocrx_word' id='word_1_6' title='bbox 160 499 242 570; x_wconf 80' lang='lat' dir='ltr'><strong>Quod</strong></span> <span class='ocrx_word' id='word_1_7' title='bbox 269 495 421 558; x_wconf 78' lang='lat' dir='ltr'><strong>celtiberis</strong></span> <span class='ocrx_word' id='word_1_8' title='bbox 460 495 575 571; x_wconf 91' lang='lat' dir='ltr'><strong>populis</strong></span> <span class='ocrx_word' id='word_1_9' title='bbox 610 494 804 569; x_wconf 75' lang='lat' dir='ltr'><strong>Hispanorum</strong></span> <span class='ocrx_word' id='word_1_10' title='bbox 839 489 1013 568; x_wconf 86' lang='lat' dir='ltr'><strong>reipublicae</strong></span> <span class='ocrx_word' id='word_1_11' title='bbox 1051 493 1185 554; x_wconf 74' lang='lat' dir='ltr'><strong>amicitiis</strong></span> 
     </span>
     <span class='ocr_line' id='line_1_3' title="bbox 159 591 1183 672; baseline -0.005 -10"><span class='ocrx_word' id='word_1_12' title='bbox 159 600 373 662; x_wconf 72' lang='lat' dir='ltr'><strong>discedentibus</strong></span> <span class='ocrx_word' id='word_1_13' title='bbox 404 599 526 660; x_wconf 85' lang='lat' dir='ltr'><strong>Publius</strong></span> <span class='ocrx_word' id='word_1_14' title='bbox 559 595 653 672; x_wconf 86' lang='lat' dir='ltr'><strong>Scipio</strong></span> <span class='ocrx_word' id='word_1_15' title='bbox 681 595 835 656; x_wconf 74' lang='lat' dir='ltr'><strong>Africanus</strong></span> <span class='ocrx_word' id='word_1_16' title='bbox 869 597 926 656; x_wconf 88' lang='lat' dir='ltr'><strong>dur</strong></span> <span class='ocrx_word' id='word_1_17' title='bbox 958 592 987 656; x_wconf 89' lang='lat' dir='ltr'><strong>in</strong></span> <span class='ocrx_word' id='word_1_18' title='bbox 1010 591 1183 672; x_wconf 81' lang='lat' dir='ltr'><strong>Hispaniam</strong></span> 
     </span>
     <span class='ocr_line' id='line_1_4' title="bbox 158 698 1181 778; baseline -0.005 -12"><span class='ocrx_word' id='word_1_19' title='bbox 158 704 318 768; x_wconf 87' lang='lat' dir='ltr'><strong>destinatos</strong></span> <span class='ocrx_word' id='word_1_20' title='bbox 341 716 462 778; x_wconf 65' lang='lat' dir='ltr'><strong>menuae</strong></span> <span class='ocrx_word' id='word_1_21' title='bbox 483 701 544 762; x_wconf 89' lang='lat' dir='ltr'><strong>illic</strong></span> <span class='ocrx_word' id='word_1_22' title='bbox 566 701 602 761; x_wconf 87' lang='lat' dir='ltr'><strong>dc</strong></span> <span class='ocrx_word' id='word_1_23' title='bbox 623 699 753 762; x_wconf 84' lang='lat' dir='ltr'><strong>aduersis</strong></span> <span class='ocrx_word' id='word_1_24' title='bbox 776 701 807 760; x_wconf 84' lang='lat' dir='ltr'><strong>et</strong></span> <span class='ocrx_word' id='word_1_25' title='bbox 827 698 944 774; x_wconf 82' lang='lat' dir='ltr'><strong>perfidis</strong></span> <span class='ocrx_word' id='word_1_26' title='bbox 962 702 1079 774; x_wconf 81' lang='lat' dir='ltr'><strong>‚strages</strong></span> <span class='ocrx_word' id='word_1_27' title='bbox 1101 717 1181 764; x_wconf 84' lang='lat' dir='ltr'><strong>ener-</strong></span> 
     </span>
     <span class='ocr_line' id='line_1_5' title="bbox 158 802 1182 881; baseline -0.002 -14"><span class='ocrx_word' id='word_1_28' title='bbox 158 810 229 878; x_wconf 86' lang='lat' dir='ltr'><strong>euit‚</strong></span> <span class='ocrx_word' id='word_1_29' title='bbox 253 810 282 871; x_wconf 88' lang='lat' dir='ltr'><strong>et</strong></span> <span class='ocrx_word' id='word_1_30' title='bbox 303 807 339 867; x_wconf 93' lang='lat' dir='ltr'><strong>de</strong></span> <span class='ocrx_word' id='word_1_31' title='bbox 360 806 461 881; x_wconf 63' lang='lat' dir='ltr'><strong>Seme</strong></span> <span class='ocrx_word' id='word_1_32' title='bbox 476 805 567 869; x_wconf 77' lang='lat' dir='ltr'><strong>Galba</strong></span> <span class='ocrx_word' id='word_1_33' title='bbox 590 805 721 879; x_wconf 83' lang='lat' dir='ltr'><strong>praetere</strong></span> <span class='ocrx_word' id='word_1_34' title='bbox 746 802 929 867; x_wconf 84' lang='lat' dir='ltr'><strong>ebusitanis</strong></span> <span class='ocrx_word' id='word_1_35' title='bbox 950 817 1053 878; x_wconf 74' lang='lat' dir='ltr'><strong>magno</strong></span> <span class='ocrx_word' id='word_1_36' title='bbox 1074 805 1182 878; x_wconf 90' lang='lat' dir='ltr'><strong>proelio</strong></span> 
     </span>
     <span class='ocr_line' id='line_1_6' title="bbox 157 905 1181 986; baseline 0 -16"><span class='ocrx_word' id='word_1_37' title='bbox 157 913 300 986; x_wconf 86' lang='lat' dir='ltr'><strong>superato,</strong></span> <span class='ocrx_word' id='word_1_38' title='bbox 334 911 386 985; x_wconf 82' lang='lat' dir='ltr'><strong>qni</strong></span> <span class='ocrx_word' id='word_1_39' title='bbox 416 910 479 976; x_wconf 83' lang='lat' dir='ltr'><strong>toto</strong></span> <span class='ocrx_word' id='word_1_40' title='bbox 511 923 603 983; x_wconf 85' lang='lat' dir='ltr'><strong>paene</strong></span> <span class='ocrx_word' id='word_1_41' title='bbox 637 905 744 974; x_wconf 82' lang='lat' dir='ltr'><strong>amineo</strong></span> <span class='ocrx_word' id='word_1_42' title='bbox 767 907 892 968; x_wconf 80' lang='lat' dir='ltr'><strong>exercitu</strong></span> <span class='ocrx_word' id='word_1_43' title='bbox 921 906 969 966; x_wconf 85' lang='lat' dir='ltr'><strong>uin</strong></span> <span class='ocrx_word' id='word_1_44' title='bbox 995 909 1181 983; x_wconf 85' lang='lat' dir='ltr'><strong>campaneis</strong></span> 
     </span>
     <span class='ocr_line' id='line_1_7' title="bbox 157 1008 1180 1088; baseline -0.001 -15"><span class='ocrx_word' id='word_1_45' title='bbox 157 1013 295 1088; x_wconf 81' lang='lat' dir='ltr'><strong>suaserit,</strong></span> <span class='ocrx_word' id='word_1_46' title='bbox 330 1015 359 1073; x_wconf 91' lang='lat' dir='ltr'><strong>et</strong></span> <span class='ocrx_word' id='word_1_47' title='bbox 381 1013 457 1087; x_wconf 84' lang='lat' dir='ltr'><strong>qnod</strong></span> <span class='ocrx_word' id='word_1_48' title='bbox 480 1013 572 1072; x_wconf 89' lang='lat' dir='ltr'><strong>isdem</strong></span> <span class='ocrx_word' id='word_1_49' title='bbox 594 1009 694 1070; x_wconf 74' lang='lat' dir='ltr'><strong>diebos</strong></span> <span class='ocrx_word' id='word_1_50' title='bbox 716 1009 860 1082; x_wconf 82' lang='lat' dir='ltr'><strong>lapideum</strong></span> <span class='ocrx_word' id='word_1_51' title='bbox 882 1008 1028 1070; x_wconf 85' lang='lat' dir='ltr'><strong>theatrum</strong></span> <span class='ocrx_word' id='word_1_52' title='bbox 1050 1026 1180 1072; x_wconf 86' lang='lat' dir='ltr'><strong>censores</strong></span> 
     </span>
     <span class='ocr_line' id='line_1_8' title="bbox 157 1112 1182 1186; baseline -0.002 -8"><span class='ocrx_word' id='word_1_53' title='bbox 157 1116 284 1180; x_wconf 83' lang='lat' dir='ltr'><strong>comtrui</strong></span> <span class='ocrx_word' id='word_1_54' title='bbox 310 1116 344 1179; x_wconf 86' lang='lat' dir='ltr'><strong>in</strong></span> <span class='ocrx_word' id='word_1_55' title='bbox 366 1117 444 1179; x_wconf 82' lang='lat' dir='ltr'><strong>Vrbe</strong></span> <span class='ocrx_word' id='word_1_56' title='bbox 471 1115 609 1178; x_wconf 83' lang='lat' dir='ltr'><strong>iusserint</strong></span> <span class='ocrx_word' id='word_1_57' title='bbox 642 1115 694 1175; x_wconf 86' lang='lat' dir='ltr'><strong>ead</strong></span> <span class='ocrx_word' id='word_1_58' title='bbox 725 1112 870 1186; x_wconf 77' lang='lat' dir='ltr'><strong>scipionis</strong></span> <span class='ocrx_word' id='word_1_59' title='bbox 893 1113 1015 1177; x_wconf 78' lang='lat' dir='ltr'><strong>Nasicae</strong></span> <span class='ocrx_word' id='word_1_60' title='bbox 1045 1115 1182 1178; x_wconf 86' lang='lat' dir='ltr'><strong>laudabili</strong></span> 
     </span>
     <span class='ocr_line' id='line_1_9' title="bbox 157 1218 656 1292; baseline -0.004 -10"><span class='ocrx_word' id='word_1_61' title='bbox 157 1221 285 1282; x_wconf 84' lang='lat' dir='ltr'><strong>oratione</strong></span> <span class='ocrx_word' id='word_1_62' title='bbox 306 1219 346 1284; x_wconf 85' lang='lat' dir='ltr'><strong>sii</strong></span> <span class='ocrx_word' id='word_1_63' title='bbox 368 1218 499 1281; x_wconf 84' lang='lat' dir='ltr'><strong>uetitum.</strong></span> <span class='ocrx_word' id='word_1_64' title='bbox 523 1219 578 1292; x_wconf 81' lang='lat'><strong>[21</strong></span> <span class='ocrx_word' id='word_1_65' title='bbox 595 1225 611 1287; x_wconf 69' lang='lat' dir='ltr'><strong>s</strong></span> <span class='ocrx_word' id='word_1_66' title='bbox 627 1218 656 1292; x_wconf 84' lang='grc' dir='ltr'><strong>ι]</strong></span> 
     </span>
    </p>

    <p class='ocr_par' dir='ltr' id='par_1_3' title="bbox 51 1319 1182 1397">
     <span class='ocr_line' id='line_1_10' title="bbox 51 1319 1182 1397; baseline -0.004 -13"><span class='ocrx_word' id='word_1_67' title='bbox 51 1322 154 1384; x_wconf 78' lang='lat' dir='ltr'>XLVI.</span> <span class='ocrx_word' id='word_1_68' title='bbox 178 1323 259 1395; x_wconf 80' lang='lat' dir='ltr'><strong>ecee</strong></span> <span class='ocrx_word' id='word_1_69' title='bbox 280 1323 355 1386; x_wconf 87' lang='lat' dir='ltr'><strong>idam</strong></span> <span class='ocrx_word' id='word_1_70' title='bbox 379 1321 497 1396; x_wconf 62' lang='lat' dir='ltr'><strong>Samus</strong></span> <span class='ocrx_word' id='word_1_71' title='bbox 518 1320 611 1387; x_wconf 81' lang='lat' dir='ltr'><strong>Galba</strong></span> <span class='ocrx_word' id='word_1_72' title='bbox 625 1319 783 1386; x_wconf 76' lang='lat' dir='ltr'><strong>Lusitanos</strong></span> <span class='ocrx_word' id='word_1_73' title='bbox 805 1320 836 1380; x_wconf 89' lang='lat' dir='ltr'><strong>in</strong></span> <span class='ocrx_word' id='word_1_74' title='bbox 857 1320 1031 1386; x_wconf 85' lang='lat' dir='ltr'><strong>deditionem</strong></span> <span class='ocrx_word' id='word_1_75' title='bbox 1053 1323 1182 1397; x_wconf 87' lang='lat' dir='ltr'><strong>receptos</strong></span> 
     </span>
    </p>

    <p class='ocr_par' dir='ltr' id='par_1_4' title="bbox 17 1420 1182 1706">
     <span class='ocr_line' id='line_1_11' title="bbox 17 1420 1182 1498; baseline -0.004 -10"><span class='ocrx_word' id='word_1_76' title='bbox 17 1447 44 1490; x_wconf 89' lang='lat' dir='ltr'><strong>ro</strong></span> <span class='ocrx_word' id='word_1_77' title='bbox 155 1425 281 1487; x_wconf 81' lang='lat' dir='ltr'><strong>inermes</strong></span> <span class='ocrx_word' id='word_1_78' title='bbox 308 1426 410 1487; x_wconf 84' lang='lat' dir='ltr'><strong>eontra</strong></span> <span class='ocrx_word' id='word_1_79' title='bbox 436 1423 520 1486; x_wconf 86' lang='lat' dir='ltr'><strong>iidem</strong></span> <span class='ocrx_word' id='word_1_80' title='bbox 551 1423 706 1498; x_wconf 73' lang='lat' dir='ltr'><strong>peremerit</strong></span> <span class='ocrx_word' id='word_1_81' title='bbox 725 1423 843 1498; x_wconf 66' lang='lat' dir='ltr'><strong>ignaros</strong></span> <span class='ocrx_word' id='word_1_82' title='bbox 865 1425 994 1498; x_wconf 85' lang='lat' dir='ltr'><strong>quodque</strong></span> <span class='ocrx_word' id='word_1_83' title='bbox 1015 1420 1047 1486; x_wconf 91' lang='lat' dir='ltr'><strong>id</strong></span> <span class='ocrx_word' id='word_1_84' title='bbox 1070 1423 1182 1484; x_wconf 82' lang='lat' dir='ltr'><strong>lacinus</strong></span> 
     </span>
     <span class='ocr_line' id='line_1_12' title="bbox 156 1526 1181 1604; baseline 0 -17"><span class='ocrx_word' id='word_1_85' title='bbox 156 1528 231 1603; x_wconf 88' lang='lat' dir='ltr'><strong>apud</strong></span> <span class='ocrx_word' id='word_1_86' title='bbox 253 1529 380 1588; x_wconf 83' lang='lat' dir='ltr'><strong>omnium</strong></span> <span class='ocrx_word' id='word_1_87' title='bbox 401 1527 512 1590; x_wconf 90' lang='lat' dir='ltr'><strong>animos</strong></span> <span class='ocrx_word' id='word_1_88' title='bbox 525 1526 721 1604; x_wconf 79' lang='lat' dir='ltr'><strong>Hispanorum</strong></span> <span class='ocrx_word' id='word_1_89' title='bbox 734 1526 886 1592; x_wconf 74' lang='lat' dir='ltr'><strong>maximnm</strong></span> <span class='ocrx_word' id='word_1_90' title='bbox 901 1527 1038 1602; x_wconf 82' lang='lat' dir='ltr'><strong>perfidiae</strong></span> <span class='ocrx_word' id='word_1_91' title='bbox 1052 1527 1181 1588; x_wconf 88' lang='lat' dir='ltr'><strong>Romano</strong></span> 
     </span>
     <span class='ocr_line' id='line_1_13' title="bbox 156 1629 778 1706; baseline 0.002 -16"><span class='ocrx_word' id='word_1_92' title='bbox 156 1632 264 1694; x_wconf 90' lang='lat' dir='ltr'><strong>nomini</strong></span> <span class='ocrx_word' id='word_1_93' title='bbox 285 1631 433 1706; x_wconf 87' lang='lat' dir='ltr'><strong>paraaerlt</strong></span> <span class='ocrx_word' id='word_1_94' title='bbox 454 1630 602 1693; x_wconf 85' lang='lat' dir='ltr'><strong>inuidiam.</strong></span> <span class='ocrx_word' id='word_1_95' title='bbox 626 1631 685 1705; x_wconf 70' lang='lat' dir='ltr'><strong>[ti</strong></span> <span class='ocrx_word' id='word_1_96' title='bbox 699 1637 715 1698; x_wconf 79' lang='lat' dir='ltr'><strong>i</strong></span> <span class='ocrx_word' id='word_1_97' title='bbox 730 1629 778 1704; x_wconf 89' lang='lat'><strong>10]</strong></span> 
     </span>
    </p>

    <p class='ocr_par' dir='ltr' id='par_1_5' title="bbox 50 1725 1181 1809">
     <span class='ocr_line' id='line_1_14' title="bbox 50 1725 1181 1809; baseline -0.002 -13"><span class='ocrx_word' id='word_1_98' title='bbox 50 1733 170 1798; x_wconf 79' lang='lat' dir='ltr'><strong>xavn.</strong></span> <span class='ocrx_word' id='word_1_99' title='bbox 189 1725 238 1804; x_wconf 71' lang='lat' dir='ltr'><strong>,do</strong></span> <span class='ocrx_word' id='word_1_100' title='bbox 260 1734 335 1797; x_wconf 89' lang='lat' dir='ltr'><strong>bello</strong></span> <span class='ocrx_word' id='word_1_101' title='bbox 350 1735 461 1798; x_wconf 89' lang='lat' dir='ltr'><strong>Punico</strong></span> <span class='ocrx_word' id='word_1_102' title='bbox 482 1735 570 1796; x_wconf 85' lang='lat' dir='ltr'><strong>tertie</strong></span> <span class='ocrx_word' id='word_1_103' title='bbox 588 1735 673 1809; x_wconf 75' lang='lat' dir='ltr'><strong>gesto</strong></span> <span class='ocrx_word' id='word_1_104' title='bbox 696 1735 781 1796; x_wconf 83' lang='lat' dir='ltr'><strong>annis</strong></span> <span class='ocrx_word' id='word_1_105' title='bbox 798 1733 934 1808; x_wconf 83' lang='lat' dir='ltr'><strong>quattuor</strong></span> <span class='ocrx_word' id='word_1_106' title='bbox 956 1749 1020 1796; x_wconf 84' lang='lat' dir='ltr'><strong>cnm</strong></span> <span class='ocrx_word' id='word_1_107' title='bbox 1035 1733 1181 1807; x_wconf 84' lang='lat' dir='ltr'><strong>Romanis,</strong></span> 
     </span>
    </p>

    <p class='ocr_par' dir='ltr' id='par_1_6' title="bbox 156 1835 1181 1913">
     <span class='ocr_line' id='line_1_15' title="bbox 156 1835 1181 1913; baseline -0.002 -15"><span class='ocrx_word' id='word_1_108' title='bbox 156 1855 211 1913; x_wconf 88' lang='lat' dir='ltr'><strong>quo</strong></span> <span class='ocrx_word' id='word_1_109' title='bbox 233 1836 314 1899; x_wconf 88' lang='lat' dir='ltr'><strong>finito</strong></span> <span class='ocrx_word' id='word_1_110' title='bbox 337 1838 418 1900; x_wconf 87' lang='lat' dir='ltr'><strong>insen</strong></span> <span class='ocrx_word' id='word_1_111' title='bbox 440 1839 559 1902; x_wconf 85' lang='lat' dir='ltr'><strong>eenetue</strong></span> <span class='ocrx_word' id='word_1_112' title='bbox 572 1835 715 1910; x_wconf 78' lang='lat' dir='ltr'><strong>Carthago</strong></span> <span class='ocrx_word' id='word_1_113' title='bbox 738 1835 849 1898; x_wconf 89' lang='lat' dir='ltr'><strong>ciuibus</strong></span> <span class='ocrx_word' id='word_1_114' title='bbox 865 1835 990 1912; x_wconf 85' lang='lat' dir='ltr'><strong>spoliata</strong></span> <span class='ocrx_word' id='word_1_115' title='bbox 1003 1836 1044 1898; x_wconf 89' lang='lat' dir='ltr'><strong>sit</strong></span> <span class='ocrx_word' id='word_1_116' title='bbox 1058 1837 1181 1912; x_wconf 87' lang='lat' dir='ltr'><strong>primum</strong></span> 
     </span>
    </p>

    <p class='ocr_par' dir='ltr' id='par_1_7' title="bbox 17 1938 1179 2018">
     <span class='ocr_line' id='line_1_16' title="bbox 17 1938 1179 2018; baseline -0.002 -14"><span class='ocrx_word' id='word_1_117' title='bbox 17 1965 42 2004; x_wconf 78' lang='lat' dir='ltr'><strong>m</strong></span> <span class='ocrx_word' id='word_1_118' title='bbox 155 1940 291 2018; x_wconf 83' lang='lat' dir='ltr'><strong>incensa,</strong></span> <span class='ocrx_word' id='word_1_119' title='bbox 325 1940 369 2002; x_wconf 89' lang='lat' dir='ltr'><strong>sic</strong></span> <span class='ocrx_word' id='word_1_120' title='bbox 400 1939 497 2002; x_wconf 73' lang='lat' dir='ltr'><strong>unua</strong></span> <span class='ocrx_word' id='word_1_121' title='bbox 521 1956 596 2002; x_wconf 88' lang='lat' dir='ltr'><strong>anno</strong></span> <span class='ocrx_word' id='word_1_122' title='bbox 624 1938 881 2016; x_wconf 79' lang='lat' dir='ltr'><strong>septingentesimo</strong></span> <span class='ocrx_word' id='word_1_123' title='bbox 904 1955 922 1999; x_wconf 91' lang='lat' dir='ltr'><strong>a</strong></span> <span class='ocrx_word' id='word_1_124' title='bbox 943 1957 998 2014; x_wconf 86' lang='lat' dir='ltr'><strong>quo</strong></span> <span class='ocrx_word' id='word_1_125' title='bbox 1021 1957 1085 2004; x_wconf 85' lang='lat' dir='ltr'><strong>eam</strong></span> <span class='ocrx_word' id='word_1_126' title='bbox 1106 1939 1179 2002; x_wconf 89' lang='lat' dir='ltr'><strong>Dido</strong></span> 
     </span>
    </p>

    <p class='ocr_par' dir='ltr' id='par_1_8' title="bbox 154 2041 1179 2118">
     <span class='ocr_line' id='line_1_17' title="bbox 154 2041 1179 2118; baseline 0 -14"><span class='ocrx_word' id='word_1_127' title='bbox 154 2043 252 2104; x_wconf 82' lang='lat' dir='ltr'><strong>Elissa</strong></span> <span class='ocrx_word' id='word_1_128' title='bbox 280 2043 464 2116; x_wconf 73' lang='lat' dir='ltr'><strong>condiderat,</strong></span> <span class='ocrx_word' id='word_1_129' title='bbox 498 2046 529 2102; x_wconf 85' lang='lat' dir='ltr'><strong>et</strong></span> <span class='ocrx_word' id='word_1_130' title='bbox 557 2042 633 2118; x_wconf 84' lang='lat' dir='ltr'><strong>quod</strong></span> <span class='ocrx_word' id='word_1_131' title='bbox 660 2042 737 2102; x_wconf 84' lang='lat' dir='ltr'><strong>iuter</strong></span> <span class='ocrx_word' id='word_1_132' title='bbox 758 2041 815 2105; x_wconf 87' lang='lat' dir='ltr'><strong>ista</strong></span> <span class='ocrx_word' id='word_1_133' title='bbox 837 2041 989 2105; x_wconf 83' lang='lat' dir='ltr'><strong>quentius</strong></span> <span class='ocrx_word' id='word_1_134' title='bbox 1011 2045 1128 2117; x_wconf 84' lang='lat' dir='ltr'><strong>praetor</strong></span> <span class='ocrx_word' id='word_1_135' title='bbox 1150 2043 1179 2104; x_wconf 92' lang='lat' dir='ltr'><strong>in</strong></span> 
     </span>
    </p>

    <p class='ocr_par' dir='ltr' id='par_1_9' title="bbox 153 2145 1178 2326">
     <span class='ocr_line' id='line_1_18' title="bbox 154 2145 1178 2233; baseline 0.002 -29"><span class='ocrx_word' id='word_1_136' title='bbox 154 2145 323 2208; x_wconf 82' lang='lat' dir='ltr'><strong>Macedonia</strong></span> <span class='ocrx_word' id='word_1_137' title='bbox 354 2145 599 2233; x_wconf 78' lang='lat' dir='ltr'><strong>Pseudophilippo</strong></span> <span class='ocrx_word' id='word_1_138' title='bbox 634 2161 805 2222; x_wconf 74' lang='lat' dir='ltr'><strong>congressus</strong></span> <span class='ocrx_word' id='word_1_139' title='bbox 842 2161 906 2208; x_wconf 87' lang='lat' dir='ltr'><strong>cum</strong></span> <span class='ocrx_word' id='word_1_140' title='bbox 940 2145 1062 2208; x_wconf 77' lang='lat' dir='ltr'><strong>marium</strong></span> <span class='ocrx_word' id='word_1_141' title='bbox 1093 2149 1178 2222; x_wconf 88' lang='lat' dir='ltr'><strong>parte</strong></span> 
     </span>
     <span class='ocr_line' id='line_1_19' title="bbox 153 2248 832 2326; baseline 0.001 -17"><span class='ocrx_word' id='word_1_142' title='bbox 153 2248 274 2310; x_wconf 84' lang='lat' dir='ltr'><strong>Romani</strong></span> <span class='ocrx_word' id='word_1_143' title='bbox 297 2251 435 2310; x_wconf 84' lang='lat' dir='ltr'><strong>exereitus</strong></span> <span class='ocrx_word' id='word_1_144' title='bbox 456 2250 498 2310; x_wconf 90' lang='lat' dir='ltr'><strong>sit</strong></span> <span class='ocrx_word' id='word_1_145' title='bbox 518 2250 676 2326; x_wconf 90' lang='lat' dir='ltr'><strong>peremtus.</strong></span> <span class='ocrx_word' id='word_1_146' title='bbox 700 2249 832 2326; x_wconf 67' lang='lat'>[2251]</span> 
     </span>
    </p>

    <p class='ocr_par' dir='ltr' id='par_1_10' title="bbox 48 2347 1179 2427">
     <span class='ocr_line' id='line_1_20' title="bbox 48 2347 1179 2427; baseline -0.001 -14"><span class='ocrx_word' id='word_1_147' title='bbox 48 2350 186 2417; x_wconf 77' lang='lat' dir='ltr'>XLVIII.</span> <span class='ocrx_word' id='word_1_148' title='bbox 208 2352 288 2425; x_wconf 82' lang='lat' dir='ltr'><strong>Quod</strong></span> <span class='ocrx_word' id='word_1_149' title='bbox 310 2353 342 2413; x_wconf 92' lang='lat' dir='ltr'><strong>in</strong></span> <span class='ocrx_word' id='word_1_150' title='bbox 364 2353 519 2414; x_wconf 83' lang='lat' dir='ltr'><strong>euerteuda</strong></span> <span class='ocrx_word' id='word_1_151' title='bbox 542 2351 716 2427; x_wconf 80' lang='lat' dir='ltr'><strong>Carthagine</strong></span> <span class='ocrx_word' id='word_1_152' title='bbox 739 2351 788 2411; x_wconf 91' lang='lat' dir='ltr'><strong>diu</strong></span> <span class='ocrx_word' id='word_1_153' title='bbox 810 2349 897 2410; x_wconf 86' lang='lat' dir='ltr'><strong>luerit</strong></span> <span class='ocrx_word' id='word_1_154' title='bbox 919 2347 1038 2412; x_wconf 89' lang='lat' dir='ltr'><strong>Romani</strong></span> <span class='ocrx_word' id='word_1_155' title='bbox 1061 2355 1179 2413; x_wconf 86' lang='lat' dir='ltr'><strong>senatus</strong></span> 
     </span>
    </p>

    <p class='ocr_par' dir='ltr' id='par_1_11' title="bbox 12 2454 1178 2533">
     <span class='ocr_line' id='line_1_21' title="bbox 12 2454 1178 2533; baseline 0 -16"><span class='ocrx_word' id='word_1_156' title='bbox 12 2483 41 2524; x_wconf 63' lang='grc' dir='ltr'><strong><em>ω</em></strong></span> <span class='ocrx_word' id='word_1_157' title='bbox 153 2457 248 2517; x_wconf 87' lang='lat' dir='ltr'><strong>diuisa</strong></span> <span class='ocrx_word' id='word_1_158' title='bbox 263 2457 416 2531; x_wconf 74' lang='lat' dir='ltr'><strong>secontia,</strong></span> <span class='ocrx_word' id='word_1_159' title='bbox 429 2457 494 2517; x_wconf 89' lang='lat' dir='ltr'><strong>dum</strong></span> <span class='ocrx_word' id='word_1_160' title='bbox 506 2472 575 2533; x_wconf 86' lang='lat' dir='ltr'><strong>pars</strong></span> <span class='ocrx_word' id='word_1_161' title='bbox 586 2473 637 2531; x_wconf 91' lang='lat' dir='ltr'><strong>pro</strong></span> <span class='ocrx_word' id='word_1_162' title='bbox 649 2454 754 2517; x_wconf 91' lang='lat' dir='ltr'><strong>ciuium</strong></span> <span class='ocrx_word' id='word_1_163' title='bbox 769 2455 865 2529; x_wconf 87' lang='lat' dir='ltr'><strong>quiete</strong></span> <span class='ocrx_word' id='word_1_164' title='bbox 880 2458 1017 2533; x_wconf 84' lang='lat' dir='ltr'><strong>perpetua</strong></span> <span class='ocrx_word' id='word_1_165' title='bbox 1033 2457 1178 2517; x_wconf 88' lang='lat' dir='ltr'><strong>delendam</strong></span> 
     </span>
    </p>

    <p class='ocr_par' dir='ltr' id='par_1_12' title="bbox 154 2558 1179 2635">
     <span class='ocr_line' id='line_1_22' title="bbox 154 2558 1179 2635; baseline 0 -14"><span class='ocrx_word' id='word_1_166' title='bbox 154 2578 226 2633; x_wconf 89' lang='lat' dir='ltr'><strong>eam,</strong></span> <span class='ocrx_word' id='word_1_167' title='bbox 249 2577 318 2635; x_wconf 85' lang='lat' dir='ltr'><strong>pers</strong></span> <span class='ocrx_word' id='word_1_168' title='bbox 341 2576 392 2634; x_wconf 92' lang='lat' dir='ltr'><strong>pro</strong></span> <span class='ocrx_word' id='word_1_169' title='bbox 415 2559 523 2620; x_wconf 89' lang='lat' dir='ltr'><strong>uirtute</strong></span> <span class='ocrx_word' id='word_1_170' title='bbox 546 2558 670 2619; x_wconf 90' lang='lat' dir='ltr'><strong>militurn</strong></span> <span class='ocrx_word' id='word_1_171' title='bbox 693 2558 848 2618; x_wconf 82' lang='lat' dir='ltr'><strong>exercende</strong></span> <span class='ocrx_word' id='word_1_172' title='bbox 868 2575 975 2635; x_wconf 86' lang='lat' dir='ltr'><strong>proque</strong></span> <span class='ocrx_word' id='word_1_173' title='bbox 991 2560 1042 2620; x_wconf 92' lang='lat' dir='ltr'><strong>otii</strong></span> <span class='ocrx_word' id='word_1_174' title='bbox 1066 2563 1179 2621; x_wconf 87' lang='lat' dir='ltr'><strong>abster-</strong></span> 
     </span>
    </p>

    <p class='ocr_par' dir='ltr' id='par_1_13' title="bbox 153 2660 1179 2745">
     <span class='ocr_line' id='line_1_23' title="bbox 153 2660 1179 2745; baseline -0.001 -21"><span class='ocrx_word' id='word_1_175' title='bbox 153 2664 246 2745; x_wconf 81' lang='lat' dir='ltr'><strong>genda</strong></span> <span class='ocrx_word' id='word_1_176' title='bbox 268 2664 402 2739; x_wconf 82' lang='lat' dir='ltr'><strong>rubigine</strong></span> <span class='ocrx_word' id='word_1_177' title='bbox 425 2665 666 2735; x_wconf 79' lang='lat' dir='ltr'><strong>concernendam,</strong></span> <span class='ocrx_word' id='word_1_178' title='bbox 700 2679 737 2723; x_wconf 90' lang='lat' dir='ltr'><strong>ne</strong></span> <span class='ocrx_word' id='word_1_179' title='bbox 759 2660 910 2722; x_wconf 89' lang='lat' dir='ltr'><strong>bellicosae</strong></span> <span class='ocrx_word' id='word_1_180' title='bbox 933 2660 1037 2721; x_wconf 89' lang='lat' dir='ltr'><strong>mentis</strong></span> <span class='ocrx_word' id='word_1_181' title='bbox 1060 2663 1179 2723; x_wconf 88' lang='lat' dir='ltr'><strong>audacia</strong></span> 
     </span>
    </p>

    <p class='ocr_par' dir='ltr' id='par_1_14' title="bbox 153 2762 1176 2850">
     <span class='ocr_line' id='line_1_24' title="bbox 153 2762 1176 2850; baseline -0.003 -23"><span class='ocrx_word' id='word_1_182' title='bbox 153 2767 318 2827; x_wconf 80' lang='lat' dir='ltr'><strong>securitatis</strong></span> <span class='ocrx_word' id='word_1_183' title='bbox 352 2767 469 2850; x_wconf 74' lang='lat' dir='ltr'><strong>ignauia</strong></span> <span class='ocrx_word' id='word_1_184' title='bbox 501 2764 677 2838; x_wconf 85' lang='lat' dir='ltr'><strong>solueretur,</strong></span> <span class='ocrx_word' id='word_1_185' title='bbox 712 2765 813 2824; x_wconf 84' lang='lat' dir='ltr'><strong>altiore</strong></span> <span class='ocrx_word' id='word_1_186' title='bbox 847 2762 963 2824; x_wconf 90' lang='lat' dir='ltr'><strong>consilio</strong></span> <span class='ocrx_word' id='word_1_187' title='bbox 994 2766 1176 2826; x_wconf 88' lang='lat' dir='ltr'><strong>decernebat.</strong></span> 
     </span>
    </p>
   </div>
   <div class='ocr_carea' id='block_1_3' title="bbox 13 2870 916 3078">
    <p class='ocr_par' dir='ltr' id='par_1_15' title="bbox 13 2870 916 3078">
     <span class='ocr_line' id='line_1_25' title="bbox 155 2870 288 2947; baseline 0 0"><span class='ocrx_word' id='word_1_188' title='bbox 155 2870 211 2947; x_wconf 77' lang='lat'><strong>[23</strong></span> <span class='ocrx_word' id='word_1_189' title='bbox 227 2876 242 2939; x_wconf 74' lang='lat' dir='ltr'><strong>o</strong></span> <span class='ocrx_word' id='word_1_190' title='bbox 258 2870 288 2946; x_wconf 87' lang='lat' dir='ltr'><strong>e]</strong></span> 
     </span>
     <span class='ocr_line' id='line_1_26' title="bbox 13 2976 916 3078; baseline -0.006 -1"><span class='ocrx_word' id='word_1_191' title='bbox 13 3036 40 3077; x_wconf 65' lang='lat' dir='ltr'><strong>a</strong></span> <span class='ocrx_word' id='word_1_192' title='bbox 437 3018 616 3078; x_wconf 75' lang='lat' dir='ltr'><strong>cernuus</strong></span> <span class='ocrx_word' id='word_1_193' title='bbox 636 3016 736 3073; x_wconf 77' lang='lat' dir='ltr'><strong>emur</strong></span> <span class='ocrx_word' id='word_1_194' title='bbox 762 3016 794 3073; x_wconf 90' lang='lat' dir='ltr'><strong>v.</strong></span> <span class='ocrx_word' id='word_1_195' title='bbox 912 2976 916 2985; x_wconf 63' lang='grc'><em>’</em></span> 
     </span>
    </p>
   </div>
   <div class='ocr_carea' id='block_1_4' title="bbox 101 3140 1178 3428">
    <p class='ocr_par' dir='ltr' id='par_1_16' title="bbox 101 3140 1178 3428">
     <span class='ocr_line' id='line_1_27' title="bbox 101 3140 1178 3219; baseline -0.005 -14"><span class='ocrx_word' id='word_1_196' title='bbox 101 3147 127 3210; x_wconf 91' lang='grc' dir='ltr'><strong>Ι.</strong></span> <span class='ocrx_word' id='word_1_197' title='bbox 152 3146 231 3217; x_wconf 69' lang='lat' dir='ltr'><strong>Quod</strong></span> <span class='ocrx_word' id='word_1_198' title='bbox 260 3144 304 3206; x_wconf 91' lang='lat' dir='ltr'><strong>illi</strong></span> <span class='ocrx_word' id='word_1_199' title='bbox 333 3145 412 3218; x_wconf 80' lang='lat' dir='ltr'><strong>dies,</strong></span> <span class='ocrx_word' id='word_1_200' title='bbox 447 3143 553 3218; x_wconf 84' lang='lat' dir='ltr'><strong>quibus</strong></span> <span class='ocrx_word' id='word_1_201' title='bbox 577 3145 650 3204; x_wconf 86' lang='lat' dir='ltr'><strong>baec</strong></span> <span class='ocrx_word' id='word_1_202' title='bbox 671 3142 791 3219; x_wconf 88' lang='lat' dir='ltr'><strong>scripsit</strong></span> <span class='ocrx_word' id='word_1_203' title='bbox 808 3140 949 3213; x_wconf 72' lang='grc' dir='ltr'><strong>Ὀιοεὶιιε,</strong></span> <span class='ocrx_word' id='word_1_204' title='bbox 982 3140 1126 3204; x_wconf 84' lang='lat' dir='ltr'><strong>beatiores</strong></span> <span class='ocrx_word' id='word_1_205' title='bbox 1148 3144 1178 3202; x_wconf 86' lang='lat' dir='ltr'><strong>et</strong></span> 
     </span>
     <span class='ocr_line' id='line_1_28' title="bbox 152 3242 1177 3323; baseline -0.005 -14"><span class='ocrx_word' id='word_1_206' title='bbox 152 3248 297 3312; x_wconf 75' lang='lat' dir='ltr'><strong>catholiea</strong></span> <span class='ocrx_word' id='word_1_207' title='bbox 317 3248 374 3309; x_wconf 91' lang='lat' dir='ltr'><strong>fide</strong></span> <span class='ocrx_word' id='word_1_208' title='bbox 395 3248 504 3309; x_wconf 83' lang='lat' dir='ltr'><strong>inerint</strong></span> <span class='ocrx_word' id='word_1_209' title='bbox 525 3250 556 3308; x_wconf 89' lang='lat' dir='ltr'><strong>et</strong></span> <span class='ocrx_word' id='word_1_210' title='bbox 577 3248 688 3323; x_wconf 79' lang='lat' dir='ltr'><strong>quiete,</strong></span> <span class='ocrx_word' id='word_1_211' title='bbox 720 3262 810 3321; x_wconf 82' lang='lat' dir='ltr'><strong>quam</strong></span> <span class='ocrx_word' id='word_1_212' title='bbox 838 3244 875 3317; x_wconf 92' lang='lat' dir='ltr'><strong>ii,</strong></span> <span class='ocrx_word' id='word_1_213' title='bbox 909 3243 1013 3319; x_wconf 87' lang='lat' dir='ltr'><strong>quibas</strong></span> <span class='ocrx_word' id='word_1_214' title='bbox 1034 3242 1177 3305; x_wconf 71' lang='lat' dir='ltr'><strong>Romarm</strong></span> 
     </span>
     <span class='ocr_line' id='line_1_29' title="bbox 151 3347 1177 3428; baseline -0.006 -15"><span class='ocrx_word' id='word_1_215' title='bbox 151 3354 230 3413; x_wconf 90' lang='lat' dir='ltr'><strong>uires</strong></span> <span class='ocrx_word' id='word_1_216' title='bbox 264 3354 379 3428; x_wconf 81' lang='lat' dir='ltr'><strong>saepius</strong></span> <span class='ocrx_word' id='word_1_217' title='bbox 416 3352 543 3413; x_wconf 82' lang='lat' dir='ltr'><strong>adtritae</strong></span> <span class='ocrx_word' id='word_1_218' title='bbox 577 3352 765 3411; x_wconf 87' lang='lat' dir='ltr'><strong>uehementer</strong></span> <span class='ocrx_word' id='word_1_219' title='bbox 801 3348 994 3422; x_wconf 80' lang='lat' dir='ltr'><strong>extrinsecus,</strong></span> <span class='ocrx_word' id='word_1_220' title='bbox 1032 3347 1177 3407; x_wconf 88' lang='lat' dir='ltr'><strong>interdum</strong></span> 
     </span>
    </p>
   </div>
   <div class='ocr_carea' id='block_1_5' title="bbox 46 3528 1177 4310">
    <p class='ocr_par' dir='ltr' id='par_1_17' title="bbox 46 3528 1177 4116">
     <span class='ocr_line' id='line_1_30' title="bbox 100 3528 1175 3602; baseline -0.009 -10"><span class='ocrx_word' id='word_1_221' title='bbox 100 3538 117 3592; x_wconf 93' lang='lat'>1</span> <span class='ocrx_word' id='word_1_222' title='bbox 145 3536 263 3602; x_wconf 78' lang='lat' dir='ltr'><strong>fortunae</strong></span> <span class='ocrx_word' id='word_1_223' title='bbox 288 3532 463 3590; x_wconf 77' lang='lat' dir='ltr'><strong>ecrebeadam</strong></span> <span class='ocrx_word' id='word_1_224' title='bbox 488 3532 608 3587; x_wconf 88' lang='lat' dir='ltr'><strong>amicitia</strong></span> <span class='ocrx_word' id='word_1_225' title='bbox 710 3532 728 3584; x_wconf 81' lang='lat'><strong>2</strong></span> <span class='ocrx_word' id='word_1_226' title='bbox 754 3529 949 3585; x_wconf 77' lang='lat' dir='ltr'><strong>discidentibus</strong></span> <span class='ocrx_word' id='word_1_227' title='bbox 1051 3529 1068 3585; x_wconf 84' lang='lat'><strong>3</strong></span> <span class='ocrx_word' id='word_1_228' title='bbox 1095 3528 1175 3583; x_wconf 86' lang='lat' dir='ltr'><strong>dieti-</strong></span> 
     </span>
     <span class='ocr_line' id='line_1_31' title="bbox 46 3614 1107 3685; baseline -0.007 -10"><span class='ocrx_word' id='word_1_229' title='bbox 46 3624 129 3675; x_wconf 84' lang='lat' dir='ltr'><strong>uatua</strong></span> <span class='ocrx_word' id='word_1_230' title='bbox 232 3620 299 3675; x_wconf 86' lang='lat' dir='ltr'><strong>4da</strong></span> <span class='ocrx_word' id='word_1_231' title='bbox 316 3619 415 3676; x_wconf 78' lang='lat' dir='ltr'><strong>addidi</strong></span> <span class='ocrx_word' id='word_1_232' title='bbox 517 3618 664 3675; x_wconf 78' lang='lat' dir='ltr'><strong>tenercito</strong></span> <span class='ocrx_word' id='word_1_233' title='bbox 768 3615 908 3671; x_wconf 81' lang='lat' dir='ltr'><strong>dbiedem</strong></span> <span class='ocrx_word' id='word_1_234' title='bbox 938 3616 949 3685; x_wconf 76' lang='lat' dir='ltr'><strong>ll</strong></span> <span class='ocrx_word' id='word_1_235' title='bbox 978 3614 1107 3685; x_wconf 77' lang='lat' dir='ltr'><strong>lepidium</strong></span> 
     </span>
     <span class='ocr_line' id='line_1_32' title="bbox 47 3700 1176 3775; baseline -0.006 -14"><span class='ocrx_word' id='word_1_236' title='bbox 47 3708 217 3763; x_wconf 77' lang='lat' dir='ltr'><strong>liussernut</strong></span> <span class='ocrx_word' id='word_1_237' title='bbox 329 3707 434 3761; x_wconf 73' lang='lat' dir='ltr'><strong>dxcvi</strong></span> <span class='ocrx_word' id='word_1_238' title='bbox 451 3720 501 3760; x_wconf 78' lang='lat' dir='ltr'><strong>ore.</strong></span> <span class='ocrx_word' id='word_1_239' title='bbox 535 3705 548 3775; x_wconf 90' lang='grc' dir='ltr'><strong>ΙΙ</strong></span> <span class='ocrx_word' id='word_1_240' title='bbox 579 3702 713 3759; x_wconf 81' lang='lat' dir='ltr'><strong>lusitanus</strong></span> <span class='ocrx_word' id='word_1_241' title='bbox 746 3702 758 3772; x_wconf 80' lang='grc' dir='ltr'><strong>ΙΙ</strong></span> <span class='ocrx_word' id='word_1_242' title='bbox 790 3703 910 3771; x_wconf 84' lang='lat' dir='ltr'><strong>receptus</strong></span> <span class='ocrx_word' id='word_1_243' title='bbox 1014 3700 1049 3756; x_wconf 88' lang='lat'><strong>10</strong></span> <span class='ocrx_word' id='word_1_244' title='bbox 1064 3700 1176 3770; x_wconf 86' lang='lat' dir='ltr'><strong>peremit</strong></span> 
     </span>
     <span class='ocr_line' id='line_1_33' title="bbox 48 3786 1177 3865; baseline -0.004 -17"><span class='ocrx_word' id='word_1_245' title='bbox 48 3796 158 3865; x_wconf 75' lang='lat' dir='ltr'><strong>ignarus</strong></span> <span class='ocrx_word' id='word_1_246' title='bbox 168 3794 183 3865; x_wconf 72' lang='lat' dir='ltr'><strong>ll</strong></span> <span class='ocrx_word' id='word_1_247' title='bbox 192 3794 221 3848; x_wconf 92' lang='lat' dir='ltr'><strong>id</strong></span> <span class='ocrx_word' id='word_1_248' title='bbox 232 3808 283 3848; x_wconf 81' lang='lat' dir='ltr'><strong>om.</strong></span> <span class='ocrx_word' id='word_1_249' title='bbox 361 3792 392 3845; x_wconf 92' lang='lat'><strong>11</strong></span> <span class='ocrx_word' id='word_1_250' title='bbox 405 3793 511 3846; x_wconf 80' lang='lat' dir='ltr'><strong>enimus</strong></span> <span class='ocrx_word' id='word_1_251' title='bbox 589 3789 741 3844; x_wconf 74' lang='lat' dir='ltr'><strong>innomine</strong></span> <span class='ocrx_word' id='word_1_252' title='bbox 751 3786 971 3857; x_wconf 85' lang='lat' dir='ltr'><strong>paraultiunidie</strong></span> <span class='ocrx_word' id='word_1_253' title='bbox 1049 3786 1177 3843; x_wconf 78' lang='lat' dir='ltr'><strong>181an</strong></span> 
     </span>
     <span class='ocr_line' id='line_1_34' title="bbox 47 3872 1177 3952; baseline -0.014 -15"><span class='ocrx_word' id='word_1_254' title='bbox 47 3879 253 3952; x_wconf 65' lang='lat' dir='ltr'><strong>continencia</strong></span> <span class='ocrx_word' id='word_1_255' title='bbox 357 3878 391 3932; x_wconf 80' lang='lat'><strong>14</strong></span> <span class='ocrx_word' id='word_1_256' title='bbox 412 3878 542 3945; x_wconf 73' lang='lat' dir='ltr'><strong>obartnge</strong></span> <span class='ocrx_word' id='word_1_257' title='bbox 646 3875 679 3929; x_wconf 80' lang='lat'><strong>15</strong></span> <span class='ocrx_word' id='word_1_258' title='bbox 695 3872 930 3943; x_wconf 75' lang='lat' dir='ltr'><strong>septimgentissimo</strong></span> <span class='ocrx_word' id='word_1_259' title='bbox 1036 3873 1068 3927; x_wconf 83' lang='grc'><strong>16</strong></span> <span class='ocrx_word' id='word_1_260' title='bbox 1085 3873 1177 3928; x_wconf 87' lang='lat' dir='ltr'><strong>ionen.</strong></span> 
     </span>
     <span class='ocr_line' id='line_1_35' title="bbox 47 3958 1108 4030; baseline -0.008 -9"><span class='ocrx_word' id='word_1_261' title='bbox 47 3967 121 4021; x_wconf 83' lang='lat' dir='ltr'><strong>tinus</strong></span> <span class='ocrx_word' id='word_1_262' title='bbox 227 3964 258 4021; x_wconf 83' lang='lat' dir='ltr'><strong>l&#39;l</strong></span> <span class='ocrx_word' id='word_1_263' title='bbox 280 3963 460 4019; x_wconf 81' lang='lat' dir='ltr'><strong>macedoniam</strong></span> <span class='ocrx_word' id='word_1_264' title='bbox 565 3961 599 4016; x_wconf 86' lang='grc'><strong>19</strong></span> <span class='ocrx_word' id='word_1_265' title='bbox 615 3974 708 4015; x_wconf 73' lang='lat' dir='ltr'><strong>reum</strong></span> <span class='ocrx_word' id='word_1_266' title='bbox 723 3974 777 4015; x_wconf 76' lang='lat' dir='ltr'><strong>eoa</strong></span> <span class='ocrx_word' id='word_1_267' title='bbox 806 3958 819 4030; x_wconf 87' lang='grc' dir='ltr'><strong>ΙΙ</strong></span> <span class='ocrx_word' id='word_1_268' title='bbox 846 3959 986 4028; x_wconf 79' lang='lat' dir='ltr'><strong>cartagine</strong></span> <span class='ocrx_word' id='word_1_269' title='bbox 1014 3960 1026 4030; x_wconf 79' lang='grc' dir='ltr'><strong>ΙΙ</strong></span> <span class='ocrx_word' id='word_1_270' title='bbox 1055 3958 1108 4014; x_wconf 80' lang='lat' dir='ltr'><strong>tuit</strong></span> 
     </span>
     <span class='ocr_line' id='line_1_36' title="bbox 47 4044 1013 4116; baseline -0.007 -9"><span class='ocrx_word' id='word_1_271' title='bbox 47 4052 81 4107; x_wconf 73' lang='lat' dir='ltr'><strong>dd</strong></span> <span class='ocrx_word' id='word_1_272' title='bbox 97 4048 233 4108; x_wconf 65' lang='lat' dir='ltr'><strong>&amp;leudam</strong></span> <span class='ocrx_word' id='word_1_273' title='bbox 336 4048 368 4108; x_wconf 73' lang='lat' dir='ltr'><strong>dl</strong></span> <span class='ocrx_word' id='word_1_274' title='bbox 387 4049 558 4104; x_wconf 74' lang='lat' dir='ltr'><strong>enmeeudm</strong></span> <span class='ocrx_word' id='word_1_275' title='bbox 659 4045 695 4101; x_wconf 77' lang='lat'><strong>23</strong></span> <span class='ocrx_word' id='word_1_276' title='bbox 711 4044 857 4100; x_wconf 77' lang='lat' dir='ltr'><strong>solues-itur</strong></span> <span class='ocrx_word' id='word_1_277' title='bbox 880 4044 892 4116; x_wconf 87' lang='grc' dir='ltr'><strong>ΙΙ</strong></span> <span class='ocrx_word' id='word_1_278' title='bbox 915 4044 1013 4101; x_wconf 83' lang='lat' dir='ltr'><strong>alciora</strong></span> 
     </span>
    </p>

    <p class='ocr_par' dir='ltr' id='par_1_18' title="bbox 49 4146 1175 4310">
     <span class='ocr_line' id='line_1_37' title="bbox 96 4146 1175 4220; baseline -0.009 -8"><span class='ocrx_word' id='word_1_279' title='bbox 96 4156 132 4211; x_wconf 73' lang='lat'><strong>25</strong></span> <span class='ocrx_word' id='word_1_280' title='bbox 148 4152 563 4211; x_wconf 59' lang='lat' dir='ltr'><strong>nemorumnem-</strong></span> <span class='ocrx_word' id='word_1_281' title='bbox 584 4148 646 4220; x_wconf 64' lang='grc' dir='ltr'><strong>βία.</strong></span> <span class='ocrx_word' id='word_1_282' title='bbox 663 4148 770 4215; x_wconf 70' lang='lat' dir='ltr'><strong>marc)</strong></span> <span class='ocrx_word' id='word_1_283' title='bbox 874 4148 907 4204; x_wconf 74' lang='lat'><strong>26</strong></span> <span class='ocrx_word' id='word_1_284' title='bbox 926 4162 937 4203; x_wconf 88' lang='lat'>1</span> <span class='ocrx_word' id='word_1_285' title='bbox 954 4150 986 4204; x_wconf 79' lang='lat' dir='ltr'><strong>in</strong></span> <span class='ocrx_word' id='word_1_286' title='bbox 1003 4150 1062 4217; x_wconf 79' lang='lat' dir='ltr'><strong>ipso</strong></span> <span class='ocrx_word' id='word_1_287' title='bbox 1084 4146 1175 4203; x_wconf 81' lang='lat' dir='ltr'><strong>Oroeia&#39;</strong></span> 
     </span>
     <span class='ocr_line' id='line_1_38' title="bbox 49 4233 732 4310; baseline -0.012 -12"><span class='ocrx_word' id='word_1_288' title='bbox 49 4256 126 4310; x_wconf 75' lang='lat' dir='ltr'><strong>opere</strong></span> <span class='ocrx_word' id='word_1_289' title='bbox 143 4257 193 4297; x_wconf 78' lang='lat' dir='ltr'><strong>orn.</strong></span> <span class='ocrx_word' id='word_1_290' title='bbox 281 4240 314 4295; x_wconf 77' lang='lat' dir='ltr'><strong>al</strong></span> <span class='ocrx_word' id='word_1_291' title='bbox 332 4238 374 4294; x_wconf 89' lang='lat' dir='ltr'><strong>bii</strong></span> <span class='ocrx_word' id='word_1_292' title='bbox 459 4237 495 4294; x_wconf 75' lang='lat'><strong>28</strong></span> <span class='ocrx_word' id='word_1_293' title='bbox 511 4236 572 4292; x_wconf 87' lang='lat' dir='ltr'><strong>nire</strong></span> <span class='ocrx_word' id='word_1_294' title='bbox 593 4234 607 4306; x_wconf 78' lang='grc'><strong>11</strong></span> <span class='ocrx_word' id='word_1_295' title='bbox 628 4233 732 4291; x_wconf 83' lang='lat' dir='ltr'><strong>adtrita</strong></span> 
     </span>
    </p>
   </div>
   <div class='ocr_carea' id='block_1_6' title="bbox 0 0 1472 4975">
    <p class='ocr_par' dir='ltr' id='par_1_19' title="bbox 0 0 1472 4975">
     <span class='ocr_line' id='line_1_39' title="bbox 0 0 1472 4975; baseline 0 2"><span class='ocrx_word' id='word_1_296' title='bbox 0 0 1472 4975; x_wconf 95' lang='lat' dir='ltr'><strong> </strong></span> 
     </span>
    </p>
   </div>
  </div>
 </body>
</html>
