2934 4975
245 381 308 445 618
456 399 463 413 ·
691 376 790 431 Pauli
814 377 930 432 Orosii

251 550 405 633 quidem
435 549 504 615 Dei
533 550 748 615 adiuuante
779 550 847 614 sed
877 566 959 613 mea
991 547 1272 631 possibilitate
1301 567 1384 613 sum

223 654 349 736 aqnod
371 652 479 719 sum'!
501 653 617 719 adseris
633 652 718 717 enirn
731 670 817 718 nuno
830 656 902 735 post
916 652 997 719 hano
1011 652 1127 718 eooiam
1142 652 1272 735 antiquo
1287 653 1384 718 errori

252 757 516 823 emendationem:
538 756 671 838 potest
691 756 800 821 homo
822 756 905 821 sine
927 756 1082 839 peooato
1105 772 1191 821 esse
1213 772 1296 820 eum
1314 755 1384 821 Dei

251 861 464 937 adiutorio;
501 878 691 941 quamquam
719 859 753 923 in
782 858 862 925 libro
893 860 965 937 tuo,
998 876 1091 940 quem
1120 857 1385 925 Testimoniorum

251 964 433 1029 titulatione
458 962 606 1046 signasti,
635 962 711 1028 haee
731 962 803 1044 ipsa
824 962 980 1027 sententia
1001 961 1060 1027 hoe
1082 963 1172 1027 modo
1194 962 1384 1046 scriptasit,
1405 984 1417 1023 s

252 1085 364 1151 posse
385 1067 577 1132 hominem
599 1066 681 1131 sine
703 1066 864 1148 peooato
886 1084 968 1129 osse
990 1066 1030 1130 et
1051 1064 1172 1130 faeile
1189 1064 1260 1130 Dei
1282 1082 1384 1131 man-

224 1172 345 1234 adata
376 1168 594 1245 custodire,
626 1168 659 1233 si
691 1168 803 1233 uelit.
839 1168 927 1233 nulla
955 1168 1001 1234 ibi
1029 1168 1131 1251 gratia
1153 1167 1227 1247 Dei,
1259 1170 1385 1234 nullum

252 1272 443 1338 adiutorium
471 1272 666 1337 nominatum
688 1273 752 1349 est,
782 1270 957 1354 quamlibet
987 1270 1094 1336 crebro
1115 1271 1201 1337 dioas
1221 1274 1260 1338 de
1282 1274 1386 1354 gratia

252 1378 328 1443 Dei:
363 1396 435 1443 non
468 1376 553 1442 ideo
585 1378 749 1461 negaui,
782 1376 872 1459 quia
902 1392 974 1439 non
1003 1376 1097 1451 dini,
1131 1377 1197 1441 sed
1219 1378 1307 1444 ideo
1330 1378 1385 1443 di·

251 1484 357 1547 xisse
377 1480 637 1563 accipiendus
658 1498 758 1559 snm,
789 1464 881 1561 uuio
909 1496 982 1543 uon
1011 1478 1162 1562 negaui.
1200 1482 1288 1562 qnasi
1310 1498 1418 1545 norom

252 1589 286 1650 ot
317 1582 458 1650 Susanna
496 1584 566 1650 ideo
599 1583 638 1648 de
671 1582 822 1648 adulterio
855 1581 997 1647 oonsessa
1028 1585 1179 1648 eredendo
1211 1585 1269 1664 uit,
1309 1584 1385 1666 qnia

253 1689 456 1771 arguentibus
492 1686 565 1753 aliis
602 1703 665 1751 non
700 1684 846 1768 negauit,
884 1689 939 1751 ant
975 1684 1194 1751 testimonium
1232 1686 1385 1753 falsorum

225 1794 383 1857 ttestium
396 1791 548 1857 Dominus
562 1791 662 1868 Iesus,
684 1789 760 1872 qnia
781 1791 890 1870 tacuit,
914 1789 1144 1871 adprobauerit.
1173 1790 1284 1871 quodsi
1299 1791 1384 1872 apud

253 1914 309 1960 noe
332 1912 393 1960 non
419 1911 551 1978 negasse
579 1893 691 1958 dixisse
716 1893 764 1957 est
787 1896 819 1957 et
840 1892 975 1958 taouisse
996 1893 1146 1958 clamasse
1171 1896 1236 1972 est,
1266 1893 1385 1958 frustm

254 1999 357 2064 Dauid
378 1998 534 2082 postulat:
563 2013 677 2078 pone,
707 1995 887 2074 Domine,
918 1997 1139 2063 custodiam
1161 1996 1220 2061 ori
1243 2014 1325 2062 meo
1346 2001 1419 2062 etis

255 2101 399 2168 ostium
421 2100 755 2165 oiroumstantiae
777 2099 897 2165 labiis
920 2101 1032 2165 meis:
1060 2100 1179 2165 frustra
1200 2104 1232 2165 ot
1254 2117 1311 2185 ego
1334 2118 1386 2165 me

254 2222 318 2269 non
339 2203 462 2274 dixisse,
484 2204 517 2268 in
539 2221 599 2286 qno
622 2220 745 2287 argum,
767 2201 903 2267 testibus
926 2203 958 2265 et
979 2202 1200 2267 testificatione
1224 2204 1383 2283 confirmo,

227 2309 284 2373 5si
306 2307 388 2372 alter
417 2306 524 2373 audire
546 2307 662 2388 potuit,
685 2306 768 2388 quod
789 2322 878 2370 meus
901 2323 1001 2370 sermo
1023 2323 1084 2371 non
1109 2306 1199 2371 dixit
1231 2306 1289 2371 sed
1310 2322 1385 2371 oon·

257 2409 343 2485 eodo,
365 2412 402 2473 ut
424 2410 505 2492 quod
527 2426 723 2492 nequaquam
746 2408 860 2473 dixeris
881 2428 938 2494 pro
952 2408 1037 2474 dioto
1051 2408 1268 2492 aooipieudum
1282 2412 1384 2495 puteo.

256 2514 333 2598 quid
355 2515 479 2597 agimus
503 2531 539 2578 ex
561 2532 615 2593 eo,
649 2514 731 2595 qnod
763 2515 959 2578 inuenientes
981 2531 1018 2577 ex
1048 2531 1140 2578 sensu
1169 2513 1419 2579 diuersitatemau

256 2617 417 2695 sermonis,
439 2618 593 2683 iuncturis
609 2616 803 2683 dieoordibns
817 2635 880 2683 non
894 2617 1068 2697 cohaerent,
1085 2618 1166 2700 quod
1180 2619 1250 2700 ipsa
1263 2635 1386 2702 quoque

256 2722 373 2806 pagins
395 2721 709 2806 discrepantiainter
730 2741 765 2788 ee
786 2719 883 2789 uerba
903 2739 966 2786 non
991 2722 1126 2807 recipit?
1158 2721 1269 2788 soritis
1291 2721 1384 2803 onim,

256 2843 371 2907 posse
391 2826 584 2891 hominem
606 2828 688 2893 siue
710 2825 869 2908 peoouto
891 2842 969 2892 esso
993 2828 1031 2891 et
1053 2825 1175 2892 faoile
1191 2825 1262 2893 Dei
1284 2841 1386 2890 man-

358 3027 500 3068 auuronns
534 3013 552 3067 4
569 3012 675 3083 Pelagii
688 3013 912 3068 Testimoniorum
926 3013 995 3068 liber
1083 3013 1115 3067 14
1133 3012 1235 3067 Pontou
1255 3015 1313 3076 190,
1331 3015 1350 3066 3

309 3181 1386 3270 lmeguuiateseetootutimadeterempoueooautttteruauprugue

258 3291 270 3303 '
291 3292 383 3354 muso)
401 3289 424 3340 Φ
446 3287 459 3357 11
481 3285 663 3355 possibilitate
680 3286 902 3354 (suitilitiarus.
915 3289 990 3356 m.1)
1009 3287 1038 3338 Σ
1071 3285 1255 3356 possibilitate
1272 3287 1318 3338 do*

255 3381 273 3433 2
298 3382 396 3436 meris
421 3380 527 3436 codices
646 3382 665 3436 4
689 3381 824 3437 adiutorio
848 3385 874 3452 (o
892 3382 986 3450 finatis
1008 3382 1040 3436 tos
1063 3397 1166 3437 rasura
1182 3399 1216 3436 oa
1234 3387 1250 3436 1
1265 3387 1297 3437 ost
1314 3381 1386 3447 uid.)

254 3578 289 3614 m.
301 3566 329 3629 1)
345 3564 374 3614 Χ
457 3562 602 3632 oaeripta]
619 3564 806 3633 oouseriptau
895 3563 927 3618 11
946 3564 1080 3620 adulterio
1092 3564 1121 3628 (d
1132 3562 1385 3618 stutimoulusstb

255 3651 336 3716 sorr.)
348 3650 375 3700 Χ
466 3648 501 3702 13
511 3649 631 3718 testiuou
643 3649 781 3704 musmo
793 3651 872 3717 (erue.
885 3651 969 3720 moni)
981 3652 1005 3702 Φ
1025 3650 1038 3722 11
1057 3650 1100 3706 rint
1112 3651 1166 3702 ΣΤ
1183 3649 1196 3722 11
1215 3649 1290 3718 quia]
1301 3650 1353 3704 Συ

255 3741 285 3794 in
297 3756 350 3809 qua
362 3742 468 3794 ΤΦΧΨ
481 3742 495 3812 11
511 3742 672 3813 adprobanit
683 3741 788 3798 codices
800 3749 828 3800 et
840 3743 902 3800 edd.
998 3746 1032 3799 14
1043 3759 1096 3800 non
1107 3743 1229 3814 negasse]
1250 3743 1301 3798 Ψο
1335 3758 1386 3800 om.

255 3845 359 3896 nour
374 3845 423 3909 (uo
437 3846 513 3902 oeae
528 3862 638 3902 mmm
656 3847 691 3901 13
708 3847 883 3916 quodsi-14
899 3847 957 3903 frus
974 3849 1007 3902 ot
1023 3863 1074 3918 aa
1091 3831 1283 3902 mutuae.
1303 3845 1387 3900 ausa

255 3939 291 4006 Φ)
315 3938 327 4008 11
355 3938 442 3993 asorbo
458 3940 493 3993 14
510 3943 552 3993 ost
569 3945 596 3994 et
611 3941 799 3996 taouiase-lti
816 3941 896 3996 lobiis
915 3943 982 3995 meis
1000 3940 1206 3996 etormero‘buo
1219 3939 1317 4009 psalte
1332 3941 1385 3994 mi·

254 4024 1386 4096 mamrmmdoormomuumreteoupomudooaeoau

255 4112 288 4165 tea
316 4111 346 4162 Ψ
465 4112 498 4165 11
526 4111 745 4167 testifiestionam
772 4129 797 4168 o
824 4130 880 4169 rue.
909 4115 995 4166 ΣΦΨ
1113 4115 1147 4168 18
1176 4113 1256 4167 alitur
1284 4113 1333 4164 Σ·
1361 4112 1375 4181 1

255 4197 383 4267 (1111911
400 4195 446 4252 sed
464 4198 488 4249 Φ
578 4197 612 4251 19
627 4212 741 4267 nequam
759 4201 799 4250 Σ1
888 4200 922 4253 21
940 4199 1057 4254 innturis
1074 4201 1101 4252 ‘P
1117 4200 1130 4270 11
1149 4199 1275 4254 eohereut
1293 4201 1317 4252 Φ

255 4284 290 4338 22
306 4283 389 4356 inter]
407 4283 471 4338 inu
573 4283 607 4337 22
623 4284 695 4337 enim
713 4299 766 4338 non
784 4299 860 4353 posse
877 4284 934 4354 (aed
950 4301 1004 4340 non
1022 4287 1142 4353 amsa)
1160 4286 1189 4336 Σ
1289 4317 1291 4324 =
