2934 4975
500 342 658 413 oapitula
676 341 736 398 lib.
755 339 821 398 1111.
1160 345 1224 414 575

191 525 301 596 serunt,
324 519 428 596 Pyrrhi
450 519 529 592 rogis
544 517 679 593 Epirotae
701 517 815 578 oonlato
831 517 937 579 Siculis
959 520 1110 582 aduersum
1126 521 1215 584 Afros

191 626 307 689 aumlio.
331 625 365 699 [6
381 631 397 692 a
411 621 459 697 ea]

130 735 166 793 ll.
191 729 270 802 Quod
291 727 368 788 falso
389 726 551 787 oatbolioao
571 726 638 786 fidoi
669 723 827 786 aduersarii
855 741 950 786 rerum
971 729 1214 801 perturbationes,

192 848 386 909 quaeeunque
420 829 556 890 aooidunt
587 826 764 903 temporibus
792 827 981 902 Christianis,
1016 831 1152 905 grauibus
1183 852 1215 893 ao

69 954 79 990 ε
193 937 338 999 uentibus
360 938 549 996 Romanorum
571 934 749 1008 aliarumque
775 933 904 1008 gentium
932 934 1063 995 cladibus
1085 953 1137 996 seu
1159 937 1214 996 mi-

192 1042 276 1102 seriis
299 1041 486 1114 anteponunt.
512 1041 546 1113 [6
561 1046 577 1106 5
591 1039 639 1112 34]

117 1165 169 1223 xl.
194 1160 324 1233 Qualiter
337 1158 455 1235 bellum,
479 1159 554 1233 quod
575 1160 653 1219 inter
666 1159 854 1219 Mamertinos
877 1161 906 1217 et
927 1157 1081 1220 Hieronem
1097 1159 1216 1235 Syracu-

192 1281 295 1325 sanum
316 1280 424 1338 regom,
446 1260 650 1322 adinuantibus
674 1278 738 1322 oum
761 1257 897 1321 Afrorum
918 1263 1017 1336 copiis,
1041 1262 1217 1334 renouatur,

194 1365 369 1429 allemania
395 1381 447 1441 pro
469 1365 705 1425 Mamertinorum
732 1365 813 1424 statu
841 1367 1005 1440 susceptum
1033 1365 1218 1438 eeleriterque

58 1497 81 1532 ι’·
193 1471 307 1531 fimtum
330 1469 385 1543 sit;
410 1483 507 1542 aquo
529 1469 617 1528 otiam
645 1468 754 1543 proelio
777 1467 922 1529 Hannibal
945 1469 1043 1529 suntor
1063 1469 1219 1542 Agrigenti

193 1593 211 1634 a
233 1571 399 1635 oonsulibus
421 1571 567 1649 obsessus,
589 1571 671 1631 Afris
693 1571 771 1631 bello
794 1587 878 1646 quam
902 1571 1023 1632 manime
1046 1571 1217 1646 profligatis,

163 1679 169 1698 ’
193 1695 258 1738 oum
278 1677 380 1751 patrois
401 1676 481 1736 faeta
502 1677 652 1750 eruptione
674 1675 850 1737 discesserit.
874 1675 908 1751 [7
924 1683 939 1744 d
954 1676 984 1751 1]

103 1797 171 1861 XII.
196 1798 276 1869 Quod
300 1797 395 1856 Gnaeo
419 1796 550 1856 cornelio
572 1797 664 1858 Asina
686 1799 716 1855 ot
739 1795 836 1856 Duilio
860 1795 929 1858 Gaio
953 1794 1120 1857 oonsulibus
1143 1795 1220 1856 idom

193 1901 359 1976 Hannibal,
395 1901 463 1960 dum
491 1897 596 1960 Italiae
633 1916 712 1958 oram
750 1900 923 1960 maritimam
955 1900 1097 1961 instructa
1126 1899 1220 1958 olasso

60 2028 82 2065 rr
195 2006 342 2076 uastaret,
373 2002 470 2064 nauali
493 2002 630 2063 Romanis
652 2019 750 2077 pugna
778 2004 953 2074 conflixerit,
983 2020 1016 2062 er
1038 1999 1143 2076 quibus
1165 2019 1220 2060 uno

193 2103 275 2182 prius
298 2105 415 2168 consule
438 2105 537 2166 fraude
560 2107 678 2181 deoepto
692 2106 729 2166 ab
744 2106 801 2167 alio
817 2106 909 2182 captis
924 2105 1046 2166 nauibus
1061 2105 1221 2178 mersisque

193 2229 279 2286 quam
302 2209 434 2284 plmimis
456 2199 545 2270 fuerit
566 2212 731 2285 superatus,
756 2212 785 2271 et
808 2211 842 2270 de
860 2210 1001 2270 Hannone
1024 2211 1146 2284 quodam
1169 2227 1220 2282 pro

195 2312 294 2373 Sardis
316 2317 346 2374 ot
368 2313 464 2374 Corsis
486 2314 519 2373 in
541 2315 634 2374 looum
657 2313 832 2373 Hannibalis
848 2314 1018 2388 subrograto
1036 2313 1071 2372 ab
1088 2311 1220 2388 Scipione

195 2417 322 2490 consulo,
345 2417 440 2478 deleto
462 2416 589 2477 exercitu
611 2415 713 2491 ipsius,
737 2416 899 2477 interfecto.
925 2417 958 2492 [7
974 2423 989 2484 l
1004 2415 1035 2490 t]

61 2538 173 2603 oolIlII.
198 2539 333 2613 Quodque
360 2538 436 2598 idem
458 2537 607 2597 Hannibal
636 2538 732 2599 senior
754 2557 772 2597 a
793 2538 929 2599 Romanis
952 2538 1038 2598 tertio
1069 2541 1221 2612 superatus

195 2644 231 2701 ad
253 2640 385 2702 ultimum
408 2642 549 2702 seditione
572 2642 714 2702 exereitus
738 2642 784 2703 sui
806 2643 960 2717 obpressus
975 2640 1089 2701 obierit.
1113 2640 1146 2715 [8
1163 2643 1220 2715 ἐι]

92 2762 190 2823 XIIII.
212 2762 255 2820 Do
277 2762 368 2835 primo
390 2762 556 2835 certamine,
579 2764 653 2835 quod
676 2761 706 2820 in
725 2762 827 2823 Africa
850 2762 979 2823 odiorum
1001 2764 1148 2823 oresoente
1168 2778 1220 2821 no-

195 2865 274 2937 gotio
301 2863 434 2926 Romani¹
450 2866 581 2924 eonsules
608 2881 746 2939 prospere
768 2867 919 2925 aduersum
940 2865 1103 2925 Poenorum
1125 2866 1221 2939 ducos,

194 2966 388 3028 Hamilcarem
403 2968 514 3027 soilioot
529 2968 762 3045 Hannonomque‚
787 2984 851 3029 oum
868 2968 975 3041 grandi
991 2968 1111 3028 nauium
1128 2967 1221 3028 classe

60 3100 84 3138 25
197 3075 363 3145 gesserunt
387 3072 417 3129 ot
440 3073 515 3145 qnod
529 3071 664 3159 Afrorum
686 3073 808 3133 nauibus
830 3071 963 3145 plurImis
985 3074 1035 3132 aut
1050 3071 1154 3131 mersis
1170 3076 1222 3130 aut

196 3172 309 3250 captis,
337 3173 436 3233 multis
464 3190 577 3248 quoquo
599 3174 715 3234 Africae
747 3175 859 3249 oppidis
890 3175 1074 3249 depopulatis
1096 3174 1221 3233 Manlius

193 3275 296 3337 oonsul
317 3279 436 3338 Romam
466 3294 531 3335 oum
558 3276 729 3351 ingentibus
761 3278 861 3351 spoliis
884 3278 974 3339 uiotor
996 3278 1147 3352 ingressus
1171 3278 1220 3337 sit.

196 3380 231 3455 [8
247 3389 263 3448 s
278 3360 323 3454 o]'

108 3482 171 3543 XV.
197 3482 284 3543 Cuius
310 3482 518 3557 magnitudinis
546 3485 709 3556 serpentem
732 3483 860 3557 Regulus
890 3486 948 3543 dux
971 3484 1114 3543 Romanus
1139 3484 1221 3543 adiu·

60 3608 85 3648 ao
195 3587 269 3646 torio
291 3586 415 3678 militum
437 3600 609 3659 congressus
631 3585 776 3645 oooidorit.
802 3586 835 3660 [8
851 3593 866 3653 d
883 3587 928 3660 10]

144 3818 253 3888 Ipyrri
273 3818 286 3888 ΙΙ
305 3819 428 3888 epyrotae
530 3819 688 3888 bgenoinm
710 3820 723 3890 ΙΙ
742 3820 862 3875 mesoriia
964 3820 1069 3876 Ibollo
1090 3822 1103 3892 ΙΙ
1123 3822 1222 3875 airaon-

92 3918 187 3958 mum
274 3902 637 3975 8adiunontibnassoupi1s
725 3905 758 3959 10
775 3906 919 3975 agrigento
1006 3908 1040 3961 13
1057 3908 1129 3976 quod
1142 3908 1223 3978 genio

93 3991 204 4045 ooruilio
229 3990 334 4044 asinam
360 3994 389 4045 et
416 3990 502 4045 diulio
528 3990 744 4060 gaiooonsolibua
770 3990 842 4045 idem
870 3991 916 4062 (os.
934 4008 995 4062 oap.
1014 3998 1048 4048 34
1067 4000 1094 4048 et
1111 3998 1155 4062 41)

94 4079 128 4133 14
142 4094 191 4133 ora
207 4078 349 4136 maretima
444 4078 477 4132 17
495 4080 524 4132 ot
540 4077 583 4148 de]
601 4081 629 4133 ot
725 4080 758 4134 18
774 4079 831 4134 looo
922 4080 956 4133 19
974 4080 1088 4134 exereito
1109 4081 1122 4149 ΙΙ
1140 4080 1222 4133 intor-

92 4165 166 4219 footn
277 4166 312 4220 20
328 4165 440 4220 annibal
468 4165 481 4234 ΙΙ
508 4165 592 4219 tercio
703 4166 739 4219 22
761 4166 865 4236 nigotio
978 4164 1013 4220 24
1030 4165 1170 4219 amiseram
1199 4166 1211 4234 11

94 4252 195 4320 grando
290 4252 325 4306 29
341 4252 506 4307 adiutorium
