2934 4975
398 336 577 391 aduersum
594 350 743 406 paganos
760 334 817 391 1111
846 336 937 391 rell.
1166 337 1226 405 251

82 508 214 588 scebat,
237 508 330 575 miles
351 511 385 574 in
407 508 519 577 castris
541 526 603 575 non
625 508 686 573 nisi
708 508 765 574 aut
786 526 862 591 puer
885 513 940 575 ant
957 526 1066 575 seruus
1083 512 1139 577 aut
1152 528 1219 575 sce·

85 613 217 679 letatus
246 616 302 679 ant
331 610 451 679 debitor
480 615 514 677 et
542 630 583 677 na
610 610 657 679 sic
686 612 812 695 quidam
842 628 969 677 numero
992 612 1119 679 idoneus
1141 614 1219 692 erat,

84 716 223 783 senatus
252 716 285 781 in
314 715 401 781 curia
429 714 532 781 omnis
560 730 659 798 paene
679 714 823 781 nonieius
848 715 1031 795 uidebatur,
1062 717 1220 799 postremo

85 836 167 883 cum
188 818 238 885 ita
258 816 435 885 inminutis
455 816 625 901 fractisque
648 818 794 886 omnibus
818 818 1057 902 desperabatur,
1089 824 1125 887 ut
1147 836 1249 895 oon-p.
1265 844 1304 889 aas

63 920 202 986 anilium
231 922 269 987 de
296 921 501 1005 relinquenda
522 920 617 992 ltalia
639 920 815 987 subiretur:
840 958 881 971 —
904 940 939 988 eo
961 926 1116 1004 tempore,
1146 931 1268 989 cnmso

85 1042 193 1089 unum
206 1024 421 1103 domesticum,
443 1025 481 1089 ut
495 1023 640 1101 diximus,
661 1024 781 1091 ballum
798 1025 874 1091 ferri
890 1025 976 1091 nullo
992 1027 1081 1091 modo
1103 1030 1216 1109 posset,

86 1127 155 1193 tria
175 1128 304 1212 insuper
324 1130 532 1195 transmarina
554 1127 638 1193 bella
652 1126 749 1194 ibisne
764 1130 929 1213 suscepto?
952 1146 1050 1194 unnm
1064 1128 1096 1193 in
1114 1130 1218 1195 Mace-

85 1230 188 1296 donia
224 1234 331 1298 contm
363 1230 543 1315 Philippum
580 1231 837 1313 potentissimum
868 1232 1066 1298 Macedoniae
1102 1249 1217 1314 regam,

86 1333 228 1399 alterum
250 1333 284 1399 in
306 1333 461 1416 Hispania
482 1338 591 1401 contra
613 1333 845 1401 Hasdrubalem
866 1334 1053 1400 Hannibalis
1077 1334 1216 1418 inanem,

51 1462 76 1501 u
84 1437 224 1503 tertium
251 1439 284 1503 in
310 1437 457 1504 Sardinia
486 1442 592 1505 contra
622 1436 734 1505 Sudor
764 1440 795 1503 et
825 1437 959 1503 alterum
989 1437 1217 1505 Hasdrubalem

84 1539 393 1625 Carthaginiensium
415 1542 542 1620 ducam;
577 1541 665 1607 extra
686 1540 743 1605 boc
766 1542 912 1623 quartum
934 1538 1130 1620 Hannibalis,
1155 1558 1215 1623 quo

83 1644 122 1708 in
136 1643 233 1710 Italia
252 1643 485 1726 premebantur.
514 1647 547 1709 et
560 1644 666 1709 tamen
682 1642 774 1708 tortis
790 1643 822 1707 in
838 1643 1026 1709 alterutrum
1042 1644 1215 1727 desperatio
1226 1656 1264 1712 21

83 1748 122 1811 in
135 1747 268 1812 meliora
287 1747 428 1832 profecit,
452 1764 526 1813 nam
547 1749 580 1813 in
597 1747 647 1814 bis
662 1748 806 1815 omnibus
823 1748 1011 1831 desperando
1026 1748 1214 1831 pugnarunt,

82 1850 255 1934 pugnaudo
276 1852 428 1916 uicerunt.
462 1868 499 1915 ax
521 1869 580 1935 quo
604 1851 766 1917 euidenter
792 1852 968 1917 ostenditur
990 1868 1051 1915 non
1074 1854 1216 1931 tempora

48 1955 164 2019 istunc
184 1951 279 2018 fuisse
300 1953 518 2035 tranquilliora
539 1954 629 2032 otiis,
660 1954 714 2019 sad
742 1953 882 2019 homines
904 1952 1037 2018 miseriis
1059 1953 1214 2019 fortiores.

131 2057 225 2123 Anno
247 2056 285 2122 ab
302 2056 387 2123 Vrbe
408 2057 534 2124 condita
555 2075 669 2124 oxum
691 2056 840 2124 claudius
864 2056 1030 2125 Marcellus
1047 2054 1214 2139 Syracusas
1228 2060 1263 2124 ll

83 2160 359 2243 opulentissimam
380 2160 490 2226 urbem
505 2160 631 2227 Siciliae
653 2162 789 2227 secunda
804 2160 1034 2245 oppugnatione
1052 2158 1104 2224 uir
1121 2158 1213 2241 cepit,

83 2282 185 2345 quam
206 2281 279 2329 cnm
300 2265 362 2329 iarn
376 2264 498 2347 pridem
512 2263 692 2340 obsedisset,
716 2264 915 2330 Archimedis
931 2262 1117 2347 Syracusani
1135 2260 1214 2328 ciuis

81 2365 265 2433 admirabili
294 2367 419 2450 ingenio
448 2367 581 2449 praediti
609 2367 762 2434 machinis
792 2368 932 2451 repulsus
956 2384 1129 2450 expugnare
1151 2382 1214 2431 non

45 2468 204 2552 aopotuit.
233 2472 354 2538 docimo
378 2467 470 2538 ¹anno
493 2474 676 2554 postquam
691 2470 852 2537 Hannibal
874 2471 905 2536 in
925 2469 1052 2536 ltaliam
1073 2471 1241 2548 denerata

84 2572 144 2639 Cn.
163 2571 275 2638 Huluio
290 2574 326 2638 P.
343 2573 479 2657 Sulpicio
502 2575 680 2640 consulibus
697 2574 854 2640 Hannibal
870 2577 906 2640 de
922 2573 1091 2658 Campania
1113 2573 1244 2638 monita·
1259 2565 1297 2608 ’ω

189 2757 330 2798 rvcnoans
365 2746 382 2813 ξ
394 2747 410 2800 1
427 2743 556 2800 claudius
569 2761 622 2814 sqq.
636 2745 756 2799 *Liuius
768 2748 813 2810 25,
825 2747 946 2811 23-31;
964 2746 1009 2810 24,
1023 2745 1057 2798 33
1070 2749 1097 2798 ct
1109 2745 1144 2798 34

81 2831 98 2897 fi
115 2829 136 2882 2
155 2827 444 2891 decimo-consulibua
461 2830 599 2885 Hannibal
623 2831 742 2899 Eaalrop.
761 2834 786 2897 3,
806 2834 840 2885 14
875 2831 890 2898 ξ
908 2831 926 2882 2
944 2829 975 2884 ds
993 2829 1141 2897 Campania
1157 2843 1211 2898 sqq.

81 2917 111 2969 ct
129 2917 148 2983 g
164 2915 182 2968 3
200 2915 303 2972 Mutare
320 2919 366 2984 26,
383 2921 401 2972 7
407 2920 523 2983 ,9-10,
540 2933 559 2970 a
575 2933 628 2986 pasc
646 2923 737 2971 tamara
755 2917 805 2971 ille
824 2916 839 2987 ξ
858 2917 875 2970 3
892 2919 1030 2970 matronae
1047 2929 1101 2984 sqq.
1120 2915 1213 2970 alisna

79 3005 150 3055 sunt
168 3000 215 3066 (cs.
233 3003 279 3069 26,
295 3005 314 3056 9
330 3001 351 3073 §
361 3005 398 3068 7),
415 3002 532 3069 fortem
548 3001 698 3057 sacrandam
717 3001 818 3057 Silium
836 3001 903 3056 Ital.
922 3005 964 3064 12,
984 3003 1037 3057 693
1055 3001 1147 3069 afficta
1166 3000 1211 3068 (cf.

80 3102 132 3156 pro
151 3086 246 3154 muria)

186 3254 376 3296 axnrnsnoans
427 3242 460 3294 21
486 3240 626 3296 Hannibal
639 3269 671 3280 -
684 3257 708 3310 p.
736 3241 802 3308 252,
828 3242 845 3295 2
872 3241 918 3295 nia
943 3239 1042 3296 Latina
1068 3242 1212 3310 assmpsit

77 3326 194 3380 Paulae
210 3329 252 3391 61,
269 3329 386 3394 33-62,
403 3331 422 3382 2

133 3481 218 3537 Haec
234 3482 264 3538 D
286 3483 299 3554 ll
322 3483 347 3536 ai
364 3484 403 3537 a·
510 3484 644 3552 3poenae
659 3483 690 3538 D
724 3499 791 3552 pena
808 3482 851 3538 Rb
874 3483 886 3553 ΙΙ
910 3481 1038 3550 nouicius]
1058 3481 1143 3536 DDD

76 3567 211 3623 dfractis
229 3569 427 3638 inminutiaqna
444 3569 471 3624 L
489 3570 563 3626 solus
590 3569 603 3640 ΙΙ
631 3569 786 3624 imminutis
803 3569 833 3624 D
862 3568 874 3638 ΙΙ
903 3567 1101 3636 desperabatur]
1121 3567 1177 3621 LD

77 3655 266 3724 desperaretur
283 3655 311 3710 R
333 3655 454 3726 ssnt1in
470 3655 511 3712 R·
613 3654 751 3710 libellum
770 3657 802 3710 ut
819 3653 970 3708 diximusc
1073 3652 1211 3706 'lmachs-

77 3743 163 3798 donia
178 3741 218 3798 R¹
320 3743 338 3797 8
356 3743 497 3813 pblippnm
515 3742 545 3797 D
563 3741 576 3813 ΙΙ
596 3741 784 3798 machedonius
802 3740 868 3797 LD¹
967 3741 984 3793 9
1002 3739 1095 3808 spania
1112 3739 1141 3794 D

79 3828 228 3884 1111111-
246 3827 275 3884 R
379 3829 411 3883 12
428 3827 595 3898 premebatur
613 3831 641 3897 (n
656 3843 730 3897 poca
747 3844 764 3881 a
781 3843 834 3883 aa.
853 3843 888 3883 m.
906 3831 938 3881 ut
955 3823 1101 3892 oiddi}
1136 3842 1208 3894 prae-

78 3913 222 3968 mebantur
241 3916 268 3980 (a
281 3913 362 3982 prior
379 3915 428 3983 er.)
446 3914 474 3970 R
579 3913 708 3968 ttnrbe.
729 3916 777 3982 (ar.
796 3909 858 3978 mi)
876 3913 904 3969 R
924 3911 936 3982 ΙΙ
956 3910 1067 3966 condita
1084 3915 1112 3977 (a
1130 3927 1164 3966 ec
1182 3915 1208 3979 a)

77 4001 107 4056 R
134 4000 147 4070 ΙΙ
169 4001 476 4056 n·mo·xn·mo·tertic
493 4000 521 4054 Ι,
555 4000 770 4068 quingentiaemo
789 3997 1040 4069 quadragena-simo
1059 3997 1141 4052 tercio
1159 4000 1207 4065 (cr.

76 4089 117 4154 ta)
132 4085 163 4140 D
182 4086 196 4156 ΙΙ
214 4085 348 4142 siracusas
363 4086 394 4141 D
478 4085 511 4139 17
524 4087 611 4153 caepit
623 4088 649 4154 (a
659 4087 692 4140 a'a
702 4089 771 4154 ras.)
785 4086 811 4138 R
896 4086 929 4140 18
946 4084 1092 4140 siracusani
1109 4084 1139 4136 D

79 4172 112 4227 19
128 4170 320 4240 mcbinia(aa'c)
336 4171 367 4224 D
387 4170 400 4241 ΙΙ
419 4171 571 4239 repulsiaR
657 4170 814 4226 beanibal
832 4171 874 4226 Β·
959 4170 993 4224 21
1011 4174 1060 4240 gir·
1079 4169 1106 4223 1>
1140 4183 1207 4238 gneo
1312 4233 1314 4243 Ι

78 4258 136 4314 RD
164 4259 177 4328 ll
205 4255 300 4326 publio
318 4257 347 4314 R
389 4254 458 4310 &D
486 4257 498 4326 ΙΙ
527 4257 638 4326 sulpitio
655 4257 683 4313 R
712 4257 724 4328 ΙΙ
753 4263 843 4312 cobis·
862 4258 890 4313 D
932 4259 1049 4312 consuls·
1067 4255 1095 4310 R
