2934 4975
292 354 337 420 50
614 348 715 405 Pauli
732 351 848 406 Orosii
866 340 1098 407 Historiarum

303 524 439 608 primum
471 524 630 591 insolitam
663 524 946 609 fastidiendamque
981 527 1158 592 ubertatem
1191 527 1301 594 deinde
1329 528 1441 610 iugem

304 632 398 712 atque
427 629 657 695 intolerabilem
684 628 817 707 famem,
848 632 896 695 oui
918 630 1032 714 loseph
1065 632 1114 695 nir
1136 631 1238 696 iustus
1260 637 1290 695 et
1311 632 1440 713 sapiens

304 733 411 798 dimna
432 733 607 815 prouisione
630 734 819 812 subuenerit,
841 733 1011 816 Pompeius
1036 734 1202 799 historicus
1218 735 1343 815 eiusque
1365 734 1440 799 hre-

275 836 408 902 auiator
437 837 578 902 Iustinus
611 839 714 915 donet,
748 838 802 920 qui
835 838 919 903 inter
948 840 1053 903 seura
1080 837 1128 903 sio
1156 839 1216 904 ait:
1250 836 1441 903 Minimus

304 938 433 1005 aetate
455 940 560 1005 inter
581 937 725 1004 iratres
749 940 891 1022 Ioseph
913 940 1008 1018 fnit3
1031 940 1142 1005 onius
1164 939 1360 1005 excellens
1382 940 1441 1005 in-

304 1042 462 1126 genium
477 1042 625 1109 fratres
648 1043 790 1121 ueriti,
814 1043 1322 1128 interceptumperegrinis
1345 1062 1442 1108 mer-

275 1145 509 1213 aoatonibus
530 1146 810 1211 uendiderunt.
847 1148 1029 1230 aquibus
1052 1148 1287 1228 deportatus
1309 1145 1349 1211 in
1369 1145 1444 1211 Ae·

304 1252 482 1332 gyptum‚
521 1267 605 1314 enm
638 1249 817 1333 magioas
850 1248 909 1313 ibi
941 1252 1048 1315 artes
1080 1250 1246 1315 sollerti
1277 1249 1442 1332 ingenio

304 1352 573 1435 percepisset,
603 1350 717 1416 breui
746 1350 825 1434 ipsi
850 1351 937 1435 regi
959 1370 1146 1434 percarus
1168 1352 1258 1418 fuit.
1295 1370 1380 1418 nam
1402 1356 1444 1417 et

246 1528 252 1542 .
305 1454 581 1541 prodigiorum
610 1455 900 1541 sagaoissimns
929 1460 1014 1522 erat
1036 1458 1076 1522 et
1098 1455 1338 1522 somniorum
1360 1456 1442 1540 pri-

304 1576 388 1623 mus
412 1559 740 1644 intellegentiam
762 1560 961 1638 uendidit,
983 1559 1166 1643 nihilque
1188 1559 1320 1625 diuini
1340 1560 1444 1625 iuris

276 1662 541 1745 thumanique
565 1662 600 1727 ei
621 1662 865 1745 ineognitum
887 1662 1115 1730 uidebatur:
1136 1654 1236 1728 ¹adeo
1255 1666 1298 1728 ut
1319 1664 1444 1728 etiam

308 1781 492 1847 agrorum
521 1764 791 1831 sterilitatem
820 1765 995 1832 futuram
1024 1771 1117 1832 ante
1145 1758 1292 1833 multos
1321 1784 1444 1832 annos

306 1868 553 1952 prospiciens
576 1869 711 1953 fruges
735 1874 1037 1954 oongregasset:
1072 1873 1264 1952 tantaque
1292 1871 1443 1954 experi-

306 1975 438 2037 menta
467 1972 551 2037 eius
578 1971 758 2052 inerunt,
794 1976 838 2038 nt
859 1992 940 2038 non
961 1972 1007 2040 ab
1029 1973 1201 2053 homine,
1234 1976 1300 2040 sed
1321 1990 1341 2036 a
1362 1972 1443 2038 Deo

279 2093 494 2157 sresponsa
537 2076 779 2141 uiderentur.
824 2075 941 2141 filius
977 2076 1119 2161 Ioseph
1156 2076 1307 2159 Moyses
1342 2075 1443 2154 fuit,

236 2224 259 2266 p,
272 2196 419 2259 „quem
436 2180 597 2260 praeter
611 2180 801 2259 paternae
818 2176 1030 2244 ¹scientiae
1044 2179 1309 2244 hereditatem
1324 2178 1445 2244 etiam

308 2279 457 2345 formae
490 2280 752 2363 pulohritudo
787 2282 1096 2349 sommendabat.
1134 2281 1208 2347 Sed
1241 2281 1446 2365 Aegyptii

309 2400 394 2448 unm
422 2382 598 2450 scabiem
628 2387 666 2449 et
694 2384 947 2465 uitiliginem
969 2388 1223 2470 paterentur,
1257 2403 1444 2467 responso

309 2488 452 2553 moniti
474 2508 558 2556 eum
573 2488 813 2575 eumaeg'ris‚
837 2512 881 2557 ne
896 2492 1024 2577 pestis
1039 2492 1236 2574 adplures
1251 2494 1444 2573 serperet,

280 2591 496 2663 eterminis
518 2592 692 2676 Aegypti
720 2594 889 2677 pellunt
926 2596 1002 2661 haee
1024 2596 1174 2661 Iustinus.
1211 2593 1265 2660 sed
1294 2595 1445 2678 qnoniam

412 2881 554 2922 rumonim
589 2863 733 2936 Pompeius
750 2866 896 2922 historiens
913 2867 1023 2936 eiusque
1040 2865 1177 2921 breuiator
1194 2865 1328 2934 lustinus]
1345 2865 1447 2934 §24

310 2967 345 3006 aa
362 2952 431 3009 lust.
449 2955 494 3022 36,
512 2956 532 3007 2
549 2957 565 3018 ς
582 2953 669 3007 6-12
698 2953 710 3022 ΙΙ
739 2952 972 3022 Μιιτοειιίοἰοιιι
989 2952 1025 3008 tr.
1041 2968 1133 3022 oongr.
1147 2952 1236 3021 ploro
1253 2952 1384 3007 Iustinus

365 3209 545 3280 llinsolotam
562 3209 593 3262 D
621 3210 633 3278 ΙΙ
661 3208 806 3264 ubertstsm
824 3210 853 3265 Β
954 3210 972 3263 2
994 3209 1079 3278 adque
1101 3208 1169 3264 ΡΒ
1196 3209 1208 3279 ΙΙ
1236 3207 1448 3265 intollerabilem

313 3313 397 3370 ΡΜ)
425 3315 485 3383 (pr.
511 3314 625 3368 leaeo
646 3315 678 3368 se
700 3313 740 3382 a)
783 3313 986 3368 mursensem
1011 3315 1039 3368 n
1142 3315 1159 3369 a
1186 3299 1359 3368 nauseante
1384 3315 1414 3368 n>

313 3408 465 3464 subuinerit
482 3411 511 3465 D
530 3410 543 3480 ιι
563 3409 723 3479 istorislons
742 3411 763 3477 (i
781 3416 808 3464 ot
825 3410 887 3466 ool.
898 3427 942 3474 m„
961 3411 1099 3478 sistram
1116 3409 1175 3464 aid.
1192 3408 1329 3479 istorlious
1346 3409 1448 3475 faisse)

313 3505 341 3561 R
361 3506 374 3575 ΙΙ
394 3505 533 3562 breuiatur
551 3506 580 3560 D
681 3504 800 3560 doitera
817 3505 847 3558 D
949 3505 967 3558 h
984 3507 1056 3559 etate
1074 3505 1103 3558 D
1127 3504 1139 3574 ΙΙ
1162 3503 1218 3557 init
1235 3492 1331 3572 Ioseph
1348 3503 1376 3556 B

313 3599 570 3668 dpenegrinationis
589 3599 617 3653 Β
721 3597 934 3653 'luandedirunt
951 3599 980 3652 D
1077 3597 1269 3667 8magnilioas
1287 3597 1354 3653 ΡΒ
1373 3597 1386 3666 ΙΙ
1407 3597 1448 3650 ibi

311 3734 364 3774 ed
378 3719 436 3773 no
455 3719 467 3788 ιι
487 3719 596 3774 aean
615 3720 627 3790 ιι
647 3719 741 3774 sonere
755 3720 808 3775 ΡΒ
889 3686 1008 3774 etrele
1021 3720 1049 3775 a
1069 3720 1083 3789 l
1102 3734 1178 3773 urus
1190 3717 1248 3772 nn
1342 3716 1375 3770 ιο
1387 3731 1451 3784 ρω-

314 3813 452 3882 digiorum
470 3817 512 3878 (or
528 3815 560 3869 ἐπ
576 3819 643 3880 rus.)
662 3816 690 3869 P
791 3815 822 3869 11
842 3813 969 3869 oondedit
984 3813 1015 3868 D
1119 3813 1152 3866 12
1171 3813 1245 3882 oue]
1263 3827 1316 3881 que
1335 3811 1364 3864 D
1386 3810 1399 3880 ΙΙ
1423 3811 1450 3864 oi

313 3916 365 3956 om.
385 3901 452 3958 ΡΒ·
554 3902 588 3957 13
606 3901 782 3956 sterelitatem
800 3901 871 3957 ΒΨ
899 3901 911 3970 ΙΙ
939 3900 1042 3954 multus
1060 3901 1089 3954 D
1194 3899 1227 3952 14
1248 3897 1448 3967 congregasset]

314 4037 411 4093 oongas
438 4025 626 4093 oongnegasset
654 4023 680 4077 Β
709 4021 723 4093 ΙΙ
750 3988 868 4091 tantone
893 4022 975 4089 (sorr.
1002 4036 1038 4075 ea
1063 4024 1171 4089 umque
1198 4019 1290 4084 1³¹th
1316 4019 1370 4073 ΡΒ

314 4109 350 4164 16
366 4110 502 4180 responsa]
520 4125 645 4178 responsa
663 4109 723 4163 dari
741 4125 804 4164 oum
822 4107 969 4164 Isatioeoo
1066 4106 1099 4160 17
1116 4107 1229 4175 paterna
1245 4105 1276 4160 D
1294 4104 1307 4175 ΙΙ
1327 4102 1450 4157 haeredi-

314 4196 403 4249 tatem
420 4193 451 4249 D
541 4197 575 4250 18
592 4198 633 4248 set
653 4195 693 4248 P·
784 4194 818 4248 19
835 4194 923 4262 soapie
940 4193 970 4247 D
988 4192 1002 4262 ΙΙ
1021 4193 1173 4261 patirentur
1190 4190 1217 4244 Β
1309 4189 1344 4244 20
1361 4191 1450 4258 pestes

314 4281 354 4336 Be
375 4281 389 4352 ιΙ
410 4281 577 4351 gesperetD
680 4280 712 4334 21
732 4280 841 4336 nasu*
