2934 4975
274 392 364 443 XVIII

271 580 392 647 pumma
414 562 536 630 7777777
550 562 582 627 77
603 560 672 627 1111
696 561 737 627 18
758 562 816 641 §6
838 563 870 629 77
891 561 911 644 7
932 560 1135 630 aunuum
1148 563 1335 633 7177777777
1352 566 1414 633 777

272 665 474 739 murreum
502 676 573 733 7777·
596 666 719 747 777777,
749 664 876 731 77711
901 664 942 731 15
962 665 982 747 θ
1004 665 1042 733 2.-
1080 666 1188 750 ianque
1214 670 1416 752 7777777777

273 781 352 853 quae
365 768 493 837 7777777
508 767 702 839 7777777777
717 770 824 835 777777
837 768 961 850 repperi
974 768 1060 849 (418,
1074 770 1111 848 ὃς
1131 771 1208 854 492,
1223 775 1275 855 12,
1289 774 1415 858 quibus

274 873 346 943 [777.
369 871 547 940 addendum
568 871 644 955 347,
669 872 734 951 16),
757 871 851 955 lenge
871 871 972 957 71777,
999 872 1077 939 17777
1096 879 1264 959 77777777,
1287 878 1416 961 reliqui

273 980 363 1047 77177
383 977 442 1043 illa
464 976 515 1055 77,
541 974 668 1041 10-12
677 973 715 1059 ¹)

281 1082 380 1155 777
402 1081 501 1147 aliena
532 1078 655 1145 77777177
678 1077 718 1145 ab
741 1077 843 1145 altera
860 1078 1010 1147 dissentit
1032 1019 1185 1162 (Lame
1206 1084 1246 1149 77
1268 1082 1351 1164 PR)
1378 1088 1417 1151 77

274 1198 379 1269 aequa
392 1185 552 1266 utrimque
573 1183 655 1250 libra
677 1184 805 1266 777777,
824 1187 1017 1251 momentum
1039 1186 1123 1251 sumi
1136 1202 1229 1267 saepe
1243 1189 1348 1270 777777
1373 1206 1416 1253 ex

275 1289 431 1360 7777777777
458 1289 514 1355 777
541 1306 576 1353 77
598 1286 699 1353 Oroeii
730 1286 935 1354 77777777
880 1290 935 1353 777
956 1288 1090 1372 denique
1112 1308 1148 1355 77
1171 1290 1313 1360 audinum
1335 1309 1414 1357 777-

276 1392 441 1477 rumpendi
473 1388 612 1476 777777,
646 1392 679 1457 in
713 1390 800 1473 71777,
837 1406 917 1474 quae
948 1392 1132 1476 plerumque
1163 1395 1317 1477 7777777777
1350 1397 1417 1461 777

276 1500 314 1567 ad
330 1495 456 1569 7777777
477 1495 600 1579 propria
622 1490 820 1576 7777777771)
840 1494 952 1560 autad
966 1494 1137 1577 adiaphera
1155 1499 1258 1578 (uelut
1270 1500 1416 1583 ‹ec-ei),

277 1618 327 1667 777
349 1602 381 1667 77
401 1598 550 1681 ambigue
568 1596 765 1680 relinquitur.

322 1702 387 1771 Vbi
408 1702 571 1784 utriunque
592 1698 731 1767 familiae
754 1698 871 1783 singuli
892 1705 1001 1767 eontra
1028 1706 1145 1769 7777777
1166 1706 1267 1787 77777,
1297 1724 1354 1787 per
1377 1724 1416 1771 aa

278 1806 312 1872 id
331 1804 568 1891 praeferendum
591 1803 662 1881 7777,
686 1804 737 1869 777
759 1801 829 1868 LP
847 1803 1098 1891 patrocinentur·
1120 1808 1174 1874 777
1192 1824 1272 1873 unm
1286 1814 1416 1893 pugnat

278 1928 351 1977 7777
372 1910 492 1987 ueteris,
515 1908 627 1973 herum
648 1907 777 1973 lectioni
798 1922 853 1989 per
874 1924 907 1973 77
927 1906 1027 1973 maier
1048 1912 1219 1975 7777777777
1241 1911 1416 1977 tribuenda

278 2015 338 2081 777.
362 2012 417 2078 sed
440 2011 491 2079 777
512 2011 647 2083 maxima
669 2028 732 2075 777
754 2017 822 2076 tam
844 2010 974 2077 testium
992 2030 1141 2083 numerus
1156 2031 1251 2095 quam
1264 2012 1416 2080 lectionis

278 2114 409 2183 indolen-
420 2115 455 2181 77
467 2112 623 2183 rationem
645 2112 754 2181 uenire
768 2112 870 2192 717777,
892 2131 968 2180 uam
982 2132 1075 2200 saepe
1093 2135 1175 2183 7777
1187 2118 1281 2183 777177
1296 2135 1416 2183 uerum

278 2219 417 2285 seruauit
443 2219 628 2301 praesertim
652 2216 682 2281 L
703 2222 760 2285 aut
780 2214 821 2299 P,
855 2217 888 2283 iu
915 2218 1016 2301 iisque
1046 2220 1122 2287 17777
1150 2222 1274 2304 praeter
1302 2225 1415 2287 777777

280 2323 338 2389 777
361 2322 605 2389 examinandum
626 2324 684 2397 777,
707 2340 783 2388 num
806 2338 843 2386 ex
867 2321 932 2390 7777
954 2322 1070 2388 77777777
1092 2325 1224 2391 solitarii
1247 2340 1332 2390 mure
1356 2343 1415 2391 77-

280 2426 378 2511 spicio
400 2423 596 2510 eurruptelee
619 2426 670 2492 uel
692 2424 939 2510 interpolationis
949 2422 976 2507 ⁴)
999 2426 1102 2509 repeti
1122 2428 1231 2509 777777

323 2530 465 2613 Denique
487 2529 540 2596 uix
562 2530 612 2594 777
634 2531 716 2613 quod
738 2529 862 2608 eddam,
885 2529 939 2596 777
953 2531 986 2596 in
1000 2531 1107 2615 pluras
1125 2533 1229 2614 partae
1244 2531 1415 2600 7177777777

281 2635 412 2713 codices,
434 2631 1027 2714 771777777777777-11-Ρ17,
1050 2635 1127 2717 quid
1149 2635 1188 2702 ab
1210 2633 1318 2703 Orueie
1340 2655 1417 2720 pru-

283 2739 401 2806 7777777
430 2741 482 2817 777,
515 2738 577 2806 nisi
607 2739 734 2806 aliunde
761 2737 889 2806 7777777
917 2742 1126 2817 momentum,
1158 2737 1296 2806 discerni
1316 2739 1416 2820 plane

281 2859 343 2908 777
373 2859 475 2924 pesam
509 2841 647 2920 37817
676 2841 731 2908 777
760 2859 816 2922 pre
841 2840 1073 2906 Mandubratie
1100 2839 1234 2909 77771777
1253 2839 1419 2925 7771777977

282 2944 326 3023 D,
355 2943 511 3026 7777777977
533 2942 572 3023 L,
601 2943 796 3027 7777777777
818 2941 889 3008 PR
915 2944 952 3010 77
979 2943 1098 3027 aliquid
1124 2948 1232 3010 777777
1253 2956 1417 3025 ponerem,

284 3085 488 3098 ——o-——t-*ffl*

386 3158 406 3224 ¹)
424 3153 463 3208 Ea
481 3151 575 3218 uerba,
597 3152 653 3206 iam
670 3151 705 3205 ab
723 3151 827 3206 ieidere
851 3151 1007 3220 7777771777,
1025 3149 1127 3206 abeunt
1145 3151 1181 3204 ab
1203 3150 1244 3216 (ἡ
1262 3150 1309 3206 aed
1326 3150 1352 3204 ia
1370 3150 1417 3204 de

283 3240 388 3296 77777777
404 3255 435 3294 ex
452 3238 539 3293 codiee
558 3238 592 3292 ab
610 3236 717 3291 homine
736 3237 814 3291 (77777
832 3236 899 3290 aetia
916 3235 993 3291 uafre
1011 3239 1126 3290 77777777
1144 3241 1173 3292 77
1191 3236 1368 3307 interpolato.

386 3344 406 3411 ²)
423 3341 507 3396 Velut
523 3341 584 3408 379,
603 3340 621 3394 8
639 3343 666 3393 77
686 3341 718 3394 11
736 3339 880 3395 meinai
895 3339 993 3411 aeripai
1010 3341 1119 3413 propter
1137 3339 1287 3406 1137710
1303 3342 1333 3394 77
1351 3341 1418 3410 quia

283 3429 417 3485 Aiuuiuta'
444 3427 565 3482 codicum
593 3425 674 3482 771777
700 3425 888 3496 paronomasia
914 3427 945 3494 (a
962 3430 1014 3480 777
1031 3425 1095 3491 tute)
1124 3428 1221 3480 uatum
1241 3440 1298 3478 enee
1313 3428 1417 3494 petest.

283 3517 342 3582 385,
360 3515 378 3570 6
395 3515 490 3587 utique
508 3513 690 3584 recipiendum
708 3511 762 3566 7777
786 3511 948 3570 Veliocasses
963 3514 993 3565 77
1008 3511 1080 3565 illud
1104 3511 1194 3566 Valeo.
1211 3509 1270 3576 372,
1288 3510 1305 3564 9
1322 3513 1416 3579 777777

282 3619 315 3658 ex
332 3602 383 3656 777
401 3600 603 3671 corrigendum
628 3599 689 3666 387,
706 3599 724 3654 7
741 3613 796 3652 777
818 3598 974 3661 abnuerim,
1000 3598 1025 3652 77
1047 3599 1109 3671 quia
1133 3595 1417 3666 metamaucus

285 3689 338 3758 ipsi
356 3687 449 3746 077777
467 3687 584 3742 tribuere
602 3686 683 3740 77177

387 3792 407 3860 ³)
424 3791 458 3846 In
475 3789 573 3859 quibua
585 3787 633 3842 777
643 3789 671 3842 L
682 3789 710 3844 77
722 3787 873 3850 Ρ7777777
892 3801 982 3856 parem
995 3790 1109 3856 7777777
1120 3785 1202 3840 leutio
1216 3783 1416 3848 auctoritatem,

285 3876 333 3932 ubi
349 3875 378 3930 L
393 3877 422 3930 77
439 3876 467 3932 Β
484 3875 598 3940 7777777,
616 3873 644 3928 Ρ
659 3876 752 3928 autem
769 3875 901 3937 (7777777
917 3887 997 3943 quam
1015 3873 1044 3926 L
1059 3874 1153 3926 777777
1174 3870 1265 3939 paullo
1288 3869 1417 3926 maiorem

285 3961 376 4018 77777

390 4067 410 4134 ⁴)
429 4065 469 4119 De
485 4065 639 4120 mendorum
658 4063 803 4133 generibus
814 4062 995 4116 herenniano
1012 4062 1130 4131 propriis
1141 4059 1203 4115 uide
1215 4073 1295 4128 nupta
1312 4073 1338 4125 p.
1349 4071 1417 4119 vm,

286 4153 339 4208 ubi.
351 4153 381 4206 in
398 4151 499 4207 7777777
518 4150 620 4206 nullam
639 4149 701 4204 7777
718 4151 814 4203 eontra
824 4150 973 4207 7777777777
984 4162 1143 4204 eonsensum
1153 4145 1234 4200 177777
1247 4141 1418 4198 7777777777

286 4255 342 4296 eane
364 4237 429 4294 dixi.
455 4235 523 4292 narie
546 4235 673 4306 exemplis
696 4235 738 4289 777
760 4232 937 4301 interpolatus
959 4237 1001 4288 777
1018 4233 1090 4288 77777
1108 4233 1168 4298 831,
1186 4233 1210 4296 8,
1228 4230 1275 4284 777
1291 4227 1420 4284 Mente

285 4341 333 4394 pro
351 4323 508 4380 deaideruta
526 4321 640 4378 exhibet.
771 4373 777 4384 ,
