2934 4975
273 305 338 372 586
593 301 694 355 Pauli
711 301 830 357 Ororii
849 299 1082 356 Historiarum

386 482 578 556 dominatum,
608 496 659 554 per
680 479 822 540 Romanos
845 480 930 540 ducos
953 497 988 539 ac
1011 479 1118 540 milites
1140 479 1191 540 diu
1212 478 1410 540 cruentissime

385 589 470 660 gesta
491 587 576 658 sunt,
607 583 785 656 uictoriaque
806 582 933 657 Pompei,
960 581 1011 657 qui
1040 583 1078 642 ad
1107 583 1238 644 ultimum
1259 581 1410 642 interfecto

385 689 510 748 Sertorio
547 688 678 746 cunctam
711 686 884 762 Hispaniam
919 687 950 745 in
987 685 1162 748 deditionem
1198 684 1410 760 amicitiamque

384 791 522 866 suscepit.
545 791 601 866 [23
616 798 632 858 5
648 791 677 864 1]

282 910 414 971 xxxiii.
445 912 551 982 Qualia
572 912 603 970 iu
625 909 795 970 Macedonia
816 909 880 970 sinc
902 909 1052 969 Dardania
1073 908 1191 969 Claudio
1213 911 1243 969 et
1263 908 1442 970 Scribonios

385 1015 505 1076 ducibus
526 1032 544 1073 a
564 1013 701 1074 &mauis
728 1012 838 1072 inerint
859 1015 924 1072 acta
945 1014 1104 1073 aerumina
1125 1012 1171 1072 uel
1192 1029 1265 1088 quac
1286 1013 1410 1074 Publius

385 1118 524 1178 Seruilius
552 1116 711 1176 incilicia
742 1119 830 1190 atque
851 1116 1023 1192 Pamphylia
1052 1117 1204 1176 aduersum
1225 1116 1325 1178 hostes
1353 1116 1410 1176 rei-

383 1219 530 1295 publicae,
568 1220 599 1280 in
633 1219 750 1295 Illyrico
783 1237 852 1280 uero
889 1219 1041 1280 Cosconius
1079 1219 1249 1296 proconsule
1285 1218 1411 1280 feliciter

384 1325 506 1399 agerint.
532 1325 586 1399 [23
602 1331 618 1392 5
634 1325 680 1398 17]

282 1446 429 1505 XXXIIH.
451 1446 495 1506 De
517 1445 672 1506 rebellione
694 1444 886 1520 gladiatorum
908 1445 1040 1522 acapna
1061 1445 1231 1520 lugientem,
1255 1445 1305 1518 qui
1327 1443 1442 1506 duci-ro

383 1549 437 1609 bns
453 1548 534 1608 crixo
557 1566 610 1608 acu
625 1549 765 1623 Spartaco
787 1549 974 1623 fugitiuorum
996 1550 1143 1610 adnitente
1158 1547 1266 1610 solacio
1281 1549 1410 1609 Romano

385 1652 521 1712 exercitui
543 1651 744 1726 conflixerunt,
766 1653 796 1712 et
810 1654 884 1727 quod
902 1653 940 1712 ad
961 1655 1119 1713 extremum
1140 1651 1239 1714 laboro
1260 1669 1369 1727 magno
1393 1664 1430 1712 a‘

383 1754 548 1815 consulibus
571 1754 631 1814 sint
651 1756 786 1830 repressi,
817 1755 989 1816 laboriosius
1018 1757 1115 1816 tamen
1146 1755 1289 1816 rorasse
1322 1757 1411 1831 atquo

383 1857 495 1918 felicius
524 1857 680 1933 Spartacus
709 1876 825 1920 suorum
858 1877 943 1920 mauu
972 1859 1039 1920 fusa
1068 1876 1154 1933 qnam
1175 1859 1298 1920 rnarime
1321 1858 1411 1920 fuerit

382 1964 545 2036 superatus.
568 1963 626 2038 [24
640 1969 656 2030 5
671 1963 701 2036 1]
1418 1999 1440 2040 ,5

279 2080 392 2140 XXXV.
413 2081 455 2142 Dc
477 2082 601 2143 miseriis
623 2087 653 2144 at
667 2082 797 2146 alodibus
812 2086 1012 2156 Romannum,
1034 2101 1106 2158 quas
1129 2101 1220 2159 neque
1234 2084 1272 2144 ad
1286 2084 1317 2144 id
1332 2087 1408 2144 tcm-

380 2185 459 2259 poris
488 2185 631 2248 indefesse
659 2204 712 2262 por
736 2188 814 2249 bella
849 2188 988 2264 capitalia
1008 2189 1039 2248 et
1072 2189 1170 2264 straga
1199 2188 1337 2249 succidua
1357 2190 1410 2248 aut

380 2287 460 2347 ciuili
482 2291 556 2350 malo
570 2290 601 2348 id
615 2292 660 2350 cet
675 2308 728 2350 rua
750 2294 851 2366 sponte
873 2293 1047 2368 pepererunt
1069 2293 1121 2353 aut
1143 2293 1234 2354 inlato
1247 2292 1410 2355 forinsecus

381 2393 579 2453 cruentissima
600 2394 792 2468 pertulerunt
816 2397 872 2471 [24
887 2404 903 2464 ξ
917 2396 948 2470 a]

658 2602 838 2659 CAPITVLA
856 2604 954 2659 LIBRI
972 2604 1018 2662 VI.
1418 2622 1441 2662 ao

330 2728 356 2790 1.
377 2729 420 2789 De
449 2729 631 2805 prouidentia
661 2733 690 2790 et
720 2732 937 2807 dispensatione
960 2732 1071 2809 baina,
1102 2751 1159 2808 qua
1186 2736 1251 2797 ideo
1280 2738 1409 2797 Romano

378 2832 496 2906 imperio
528 2836 646 2893 cunctus
669 2833 754 2895 Orbis
783 2834 879 2895 sactus
910 2836 954 2895 cst
986 2835 1130 2909 subditus,
1161 2839 1194 2896 nt
1215 2836 1330 2899 lacilim
1352 2842 1408 2899 sub

377 2936 560 3010 imperatoris
592 2936 679 2996 nnius
710 2938 875 3015 principatu
907 2956 960 3013 per
988 2938 1215 3001 iuoamatioucur
1246 2941 1355 3003 Christi
1378 2946 1409 3001 et

376 3038 619 3113 praedicationem
648 3040 712 3100 eiua
739 3040 801 3101 sinc
823 3041 1017 3117 apostolorum
1046 3044 1137 3117 ipsius
1159 3044 1189 3103 in
1212 3061 1297 3105 uuam
1320 3045 1408 3106 fideru

379 3141 552 3203 mactatas
573 3142 741 3218 populorum
763 3145 912 3205 destructa
931 3144 1070 3207 idolorum
1093 3146 1172 3207 onitu
1194 3150 1330 3223 percepta
1353 3147 1441 3209 Delas

377 3244 439 3305 neri
461 3246 607 3318 agnitione
629 3246 793 3307 conflueret.
817 3248 1047 3325 [licitoque]

324 3506 341 3560 2
368 3507 534 3577 uictoriaque
571 3508 584 3579 ΙΙ
621 3509 765 3565 interiectu
867 3510 884 3564 3
910 3510 1022 3565 certurio
1049 3512 1075 3579 (r
1093 3524 1140 3581 pr.
1163 3515 1257 3569 statim
1280 3530 1315 3569 aa
1332 3517 1357 3583 a)
1383 3515 1396 3586 ΙΙ

273 3592 489 3663 amicitiamquae
591 3594 735 3665 lauacipit
838 3596 899 3665 bqr
916 3597 1035 3667 pilirbhus
1048 3596 1222 3667 (laicatota'm
1233 3599 1333 3667 cicino)
1448 3582 1462 3620 ⁸

273 3677 390 3735 iciliaci
409 3680 423 3751 ΙΙ
442 3680 591 3749 pamphilio
675 3682 780 3751 8ylliri
795 3683 809 3755 ΙΙ
825 3683 1099 3753 proconaolefilioiter
1184 3686 1335 3755 tragorint

275 3763 308 3819 10
324 3764 472 3836 fugientem
576 3769 608 3821 11
626 3769 772 3838 apartbago
877 3770 910 3825 12
926 3787 944 3826 a
959 3770 1059 3826 oddirb
1158 3770 1362 3827 rocameltim
1382 3773 1396 3844 ΙΙ

272 3852 370 3920 reprcai
395 3852 538 3908 laborisiua
648 3855 682 3911 14
707 3854 806 3911 tilicius
832 3858 976 3927 partbacus
1004 3858 1017 3929 ΙΙ
1045 3858 1161 3929 maxime
1268 3859 1301 3913 li
1327 3858 1407 3915 iuda·

272 3937 355 3993 ieaeoc
379 3939 420 3993 oic
436 3955 465 3994 oc
486 3941 506 3995 ι’.
531 3956 553 3995 c.
571 3947 621 3996 aot
638 3957 655 3995 a
673 3944 719 4011 (rc)
741 3944 834 3999 cotim
854 3944 886 3999 ic
904 3960 919 3999 c
935 3949 986 4000 oct
1003 3960 1017 3999 e
1034 3946 1067 3999 ic
1084 3961 1102 4000 a
1119 3962 1190 4003 corr.
1295 3946 1328 4001 18
1345 3948 1407 4002 siue

272 4026 340 4094 (pro
357 4026 425 4093 aare)

322 4128 358 4182 20
374 4143 881 4195 monnau-crmnvuurnnrcuxn·
901 4134 966 4201 (litt.
984 4135 1091 4203 rubris)
1194 4136 1229 4190 22
1246 4138 1405 4204 ornatuum

271 4216 502 4285 ott.otatimcui)
588 4218 624 4272 24
641 4232 696 4273 una
717 4217 771 4273 tide
857 4220 892 4275 25
909 4220 1045 4276 distractu
1132 4222 1167 4278 26
1184 4222 1323 4277 sorbuerit
