2934 4975
430 332 607 387 aduersum
626 348 775 400 paganos
796 332 849 387 Vll
876 332 919 387 27.
1179 334 1242 399 499

97 506 187 571 intra
214 524 267 572 ser
295 504 409 572 abhinc
436 522 559 571 menses
588 506 652 570 tres
680 503 823 571 suooidui
851 504 1068 587 imperatores,
1102 506 1160 572 hoo
1185 509 1233 571 est

96 606 288 673 Aurelianus
304 606 432 673 Tacitus
455 611 487 673 et
501 606 674 687 Florianus,
699 606 834 673 diuersis
853 608 954 673 oausis
976 608 1134 675 interiecti
1148 612 1230 675 sunt

96 710 144 775 ibi
166 715 324 794 postremo
347 710 469 775 decime
498 711 608 793 plage,
638 728 717 792 quae
746 714 779 775 et
806 710 979 777 nouissima
1001 711 1140 777 omnium
1163 710 1282 793 fuit,13

95 813 278 881 interfectio
299 812 447 893 tiliorum,
471 830 548 895 qnos
567 814 685 895 primos
709 814 824 897 quique
846 815 1031 899 genuerant:
1060 814 1111 879 hie
1133 814 1232 880 nihilo

73 917 202 983 ominus
233 917 357 982 decime
383 917 416 983 id
446 918 493 981 ost
520 915 694 983 nouissima
726 934 826 1001 poena
852 921 900 983 ost
931 916 1071 983 omnium
1098 917 1232 999 perditio

96 1019 263 1099 idolorum,
286 1038 365 1102 quae
387 1019 645 1102 primituaiaete
667 1019 833 1102 inprimis
856 1018 1015 1086 emebant.

141 1123 193 1189 lbi
214 1142 268 1189 rer
289 1124 464 1205 potentiam
484 1123 544 1188 Dei
566 1124 667 1189 sensit
687 1123 833 1206 probauit
855 1128 887 1189 et
909 1122 1019 1190 timuit
1040 1142 1077 1190 eo
1099 1142 1152 1207 per
1174 1124 1282 1189 huorl
1343 1190 1346 1201 ,

94 1228 248 1309 populum
270 1228 331 1293 Dei
352 1226 490 1291 liberum
517 1226 605 1293 abire
626 1227 787 1309 permisit:
821 1226 875 1293 hie
901 1246 954 1293 rer
977 1228 1151 1309 potentiam
1173 1227 1232 1291 Dei

95 1333 195 1396 sensit
221 1329 369 1413 probauit
396 1333 428 1395 et
450 1329 583 1396 eredidit
604 1346 642 1395 eo
669 1348 726 1412 per
755 1329 814 1395 hoe
842 1330 991 1412 populum
1014 1329 1071 1395 Dei
1099 1329 1232 1397 liberum

61 1451 165 1499 asses
187 1432 338 1515 permisit
362 1433 406 1499 ibi
431 1450 604 1515 numquam
625 1435 735 1515 postea
757 1433 888 1517 pupulus
903 1433 963 1499 Dei
984 1434 1023 1498 ed
1046 1435 1233 1499 seruitutem

95 1541 269 1603 retractus:
302 1536 355 1603 hie
377 1554 549 1619 numquam
576 1538 684 1619 postes
712 1537 847 1619 populus
869 1536 928 1601 Dei
955 1537 994 1602 ad
1021 1536 1231 1603 idololatriam

95 1643 223 1705 coaetus
252 1643 310 1705 est.
349 1639 394 1704 ihi
417 1637 645 1723 Aegyptiorum
674 1656 751 1705 uasa
781 1638 916 1721 pretiosa
937 1638 1088 1706 Hebraeis
1116 1640 1232 1707 tradita

94 1747 185 1807 sunt:
219 1742 272 1807 hio
303 1743 339 1807 in
371 1741 515 1807 eoolmias
548 1739 807 1808 ¹Christianorum
842 1741 1008 1825 praeoipua
1039 1760 1230 1825 paganorum
1240 1779 1261 1818 s·
1278 1770 1317 1812 aa

94 1846 217 1928 templa
231 1849 401 1912 oesserunt.
425 1863 502 1911 sane
517 1845 607 1923 illud,
629 1849 665 1911 ut
679 1845 752 1928 dixi,
776 1843 1023 1913 denuntiandum
1039 1850 1124 1929 puto,
1147 1848 1229 1929 quie,
1241 1856 1279 1911 15

59 1953 178 2016 sesicut
210 1949 375 2033 Aegyptiis
409 1955 479 2033 post
516 1951 572 2016 has
606 1950 716 2015 desem
752 1949 861 2033 plagas
894 1948 1035 2015 dimissos
1069 1950 1227 2017 Hebraeos

92 2052 238 2137 persequi
271 2052 474 2120 molientibus
508 2052 606 2119 inruit
638 2070 693 2135 per
726 2051 950 2135 superduotum
983 2070 1071 2119 mare
1103 2058 1230 2122 esterna

92 2156 240 2239 perditio,
267 2158 314 2235 ita
336 2161 368 2222 et
390 2174 448 2223 nos
471 2156 599 2239 quidem
619 2155 719 2220 libere
741 2154 975 2237 peregrinantes
1003 2159 1231 2239 superuentum

94 2261 278 2342 quandoque
305 2260 477 2343 perseeutio
505 2258 672 2341 gentilium
696 2259 817 2335 menet,
848 2259 945 2325 donee
969 2278 1055 2325 mare
1077 2260 1228 2339 Rubrum,

94 2362 154 2427 hoe
175 2364 224 2427 est
250 2363 357 2447 ignom
379 2362 504 2437 tudisii,
535 2362 603 2443 ipso
626 2361 753 2427 domino
782 2365 886 2427 nostro
909 2362 982 2461 Iesu
1006 2360 1129 2427 (ihristo
1152 2365 1228 2427 dnoo

56 2466 128 2532 eost
155 2464 258 2533 iudioe
287 2468 494 2532 transeamus.
517 2465 562 2530 ⁴hi
592 2481 681 2543 nere,
712 2463 746 2528 in
775 2482 850 2547 quoe
874 2464 1101 2549 Aegyptiorum
1130 2464 1278 2531 formale

93 2569 335 2658 transfunditur,
358 2569 509 2652 permissa
532 2569 571 2632 ad
594 2571 719 2653 tempus
734 2569 889 2652 potestate
911 2569 1085 2634 saeuientes
1108 2569 1229 2653 grauis·

93 2673 183 2739 umis
196 2672 322 2756 quidem
334 2672 492 2755 permissu
503 2671 563 2737 Dei
574 2669 769 2736 Christianos
782 2671 970 2745 cruciatibus
983 2676 1228 2756 persequentum

93 2780 312 2843 uerumtamen
335 2775 419 2842 idem
449 2794 554 2841 omnes
577 2773 699 2840 inimici
722 2773 839 2840 Christi
864 2793 936 2840 eum
959 2793 1032 2858 rego
1055 2794 1111 2842 suo
1135 2776 1228 2841 Anti-

145 3036 160 3087 1
191 3030 311 3087 sueeidui
340 3033 395 3084 tres
425 3046 442 3084 a
552 3031 570 3084 5
598 3029 748 3082 omniumss
777 3029 805 3086 R
827 3029 839 3100 ss
863 3029 993 3085 idolorum
1024 3029 1138 3098 perditio
1168 3029 1227 3098 (Vs)

89 3137 107 3174 o
212 3117 227 3171 1
246 3116 331 3171 sensit
350 3119 380 3184 (n
395 3132 430 3170 m.
448 3121 507 3170 ant.
526 3115 558 3169 ia
575 3119 642 3181 rar.)
661 3115 689 3171 P
713 3114 726 3185 ss
748 3115 883 3186 probauit]
903 3118 930 3170 et
948 3113 1075 3184 probauit
1091 3115 1152 3170 DV
1167 3121 1226 3184 (om.

90 3207 191 3275 etseq.
213 3203 249 3273 V)
272 3204 285 3274 ΙΙ
307 3219 337 3258 ee
354 3218 401 3272 per
415 3202 517 3256 hoo-9
534 3201 662 3271 probeuit
680 3201 774 3256 oraV
874 3201 958 3255 Saul>
976 3200 1070 3256 uerbis
1087 3203 1131 3256 hio
1148 3218 1228 3257 rer—

90 3289 126 3345 10
152 3289 278 3360 permisit
296 3307 329 3344 m.
347 3295 379 3344 set
397 3288 491 3343 esici-1
516 3287 592 3342 liaeo
618 3288 701 3343 ducta
720 3289 756 3352 P,
782 3293 830 3342 om.
856 3287 964 3342 ΚΜ
991 3287 1105 3354 (laeana
1130 3287 1226 3344 relicte

88 3379 122 3432 e'ss
141 3375 183 3445 K)
212 3376 226 3447 ΙΙ
253 3377 366 3430 rer-9
383 3375 499 3430 liberum
526 3375 577 3428 del.
600 3374 647 3428 sed
669 3391 704 3428 m.
728 3389 780 3428 reo.
805 3373 890 3428 restit.
918 3373 979 3442 (abi
1001 3372 1150 3442 prodieeuit
1171 3389 1226 3442 pro

88 3463 229 3533 probauit)
252 3463 292 3520 W
391 3461 516 3516 ilerodit
537 3461 565 3516 V
598 3460 610 3530 ΙΙ
647 3461 697 3514 hoo
720 3476 770 3515 om.
797 3459 824 3514 V
925 3460 958 3514 11
982 3459 1045 3514 hino
1069 3462 1100 3528 (u
1121 3459 1172 3512 del.
1191 3476 1225 3512 m.

88 3553 162 3617 ant.)
181 3550 210 3604 P
237 3549 250 3619 ΙΙ
278 3552 372 3620 postea
390 3563 440 3602 om.
461 3547 516 3603 PR
549 3551 612 3616 post
629 3545 672 3599 dei
692 3545 798 3600 exbibet
820 3544 845 3599 V
871 3545 883 3616 ΙΙ
912 3545 1068 3599 idolatriam
1088 3543 1172 3600 PRD
1191 3543 1225 3612 ql.

89 3638 191 3700 506st
294 3635 326 3691 12
344 3633 507 3702 egiptiorum
524 3631 554 3686 D
583 3633 596 3702 ΙΙ
630 3632 763 3700 praetiosa
782 3630 878 3697 (-oiosa
895 3632 936 3698 D)
958 3631 1041 3685 PRD
1075 3631 1088 3701 11
1122 3629 1225 3684 hebreis

88 3721 176 3776 PRD
273 3721 307 3775 13
325 3719 436 3774 eclesias
454 3719 482 3773 P
515 3716 698 3785 sereniores)
717 3716 775 3772 RD
879 3716 912 3769 14
930 3717 1076 3785 cesserunt]
1095 3733 1108 3770 o
1125 3717 1223 3771 inrue.

88 3823 124 3861 m.
143 3813 202 3860 ant.
224 3807 252 3860 P
294 3809 433 3861 oesserunt
456 3803 498 3859 R²
609 3804 643 3857 15
666 3802 796 3872 aegiptiis
815 3801 844 3856 D
873 3803 885 3872 11
914 3804 998 3857 deoim
1016 3800 1047 3855 D
1075 3801 1088 3872 ΙΙ
1115 3802 1224 3858 hebreos

87 3893 176 3948 PRD
280 3892 313 3946 16
337 3891 512 3946 molientibus
535 3892 556 3958 (i
576 3889 737 3958 priores.
755 3904 790 3943 m.
808 3893 879 3955 unt)
898 3890 926 3943 P
962 3887 974 3958 ΙΙ
1010 3889 1094 3944 irruit
1116 3889 1156 3946 12²

89 3999 124 4053 18
136 3997 291 4068 gentilium]
304 3996 427 4065 gentium
441 3995 496 4051 PR
566 3995 714 4064 19nostro]
732 3995 786 4048 eie:
806 3979 844 4046 ii·
863 3993 891 4047 P
925 3999 955 4046 u·
974 3991 1064 4059 (mdo.
1077 4009 1097 4046 a.
1110 4009 1144 4046 m.
1158 3995 1222 4058 reo.)

85 4086 117 4142 R
220 4083 256 4137 20
272 4086 337 4136 norb
354 4085 383 4148 (u
400 4098 421 4137 o.
435 4097 456 4137 o.
474 4098 509 4136 m.
525 4084 596 4151 aaut.)
615 4082 643 4136 P
672 4081 685 4152 ΙΙ
712 4080 892 4149 aegiptiorum
909 4079 939 4134 D
1041 4077 1075 4132 21
1093 4079 1222 4147 promisse

84 4173 117 4227 D
221 4170 255 4225 23
273 4173 364 4225 tamen
383 4184 432 4224 om.
455 4167 518 4236 VX,
555 4167 568 4238 11
601 4167 685 4237 idem}
702 4166 757 4223 PR
792 4183 841 4224 om.
860 4167 889 4220 D
918 4165 930 4236 ΙΙ
958 4164 1139 4220 enthiehristu
1157 4169 1222 4217 uate

84 4274 143 4315 rus.
161 4258 189 4315 R
225 4260 287 4312 ante
305 4256 406 4311 christo
424 4255 454 4310 D

1072 4351 1127 4408 32*
