2934 4975
232 359 298 427 614
685 350 787 408 Pauli
810 351 926 408 Orosii

246 549 318 596 cum
354 529 510 598 adiutorio
540 527 595 592 Dei
630 541 692 589 non
723 541 814 608 posse
848 542 914 590 esse
947 522 1106 588 hominem
1140 523 1208 588 sino
1241 526 1378 609 peccato.

217 633 445 699 usatisiactum
469 631 566 697 etiam
596 627 791 694 contentioni
819 625 988 709 opinionis,
1019 627 1146 709 ignarae
1172 626 1278 706 notis,
1309 627 1378 692 ideo

244 737 334 816 colo,
367 757 406 802 ne
436 737 516 801 forte
547 753 566 799 a
593 730 681 797 uobis
712 730 839 812 quidem
869 748 931 796 non
962 729 1123 808 auditum,
1158 747 1250 795 ame
1272 732 1379 796 tamen

245 839 369 906 dictum
399 838 545 921 putantes
574 835 755 900 testimonio
782 832 930 900 laboretis
953 833 1117 918 ambigam
1151 833 1247 918 uulgo
1271 837 1379 900 summ

246 944 428 1026 rumorique
456 941 638 1024 propterea,
668 957 724 1020 ne,
754 938 830 1004 dum
854 938 1035 1022 episcopum
1057 938 1185 1004 mentiri
1204 955 1296 1024 posse
1318 957 1414 1004 nono

246 1047 404 1122 crederet,
438 1042 504 1109 alia
531 1044 727 1108 innocentem
758 1042 946 1107 credulitate
976 1045 1126 1126 peccaret.
1160 1043 1193 1108 et
1215 1043 1286 1108 inde
1308 1042 1381 1126 quis

157 1182 181 1221 ι.
198 1171 237 1211 soe
249 1151 386 1232 lignoret
408 1151 549 1214 auctores
565 1146 617 1212 uel
632 1147 665 1210 in
681 1145 880 1211 accusatione
895 1144 1055 1210 Susannae
1070 1145 1122 1210 uel
1136 1144 1170 1212 in
1185 1144 1380 1228 lapidatione

248 1251 442 1318 Nabuthae?
1277 1259 1280 1267 '

215 1369 235 1430 9
290 1355 341 1433 Et,
363 1374 403 1420 ne
431 1355 514 1420 forto
543 1355 614 1435 quis
644 1351 779 1431 neseiat,
809 1351 842 1416 in
864 1349 1114 1433 Hierosolymam
1145 1368 1317 1434 numquam
1340 1353 1381 1416 ad

248 1457 468 1525 effundendum
490 1458 675 1540 sanguinem
698 1452 912 1520 Christianum
935 1453 986 1520 uel
1008 1453 1133 1539 argenti
1156 1453 1307 1538 suffragia
1329 1453 1381 1521 uel
1391 1477 1416 1516 ro

246 1562 371 1648 flagella
392 1562 534 1628 militum
557 1558 705 1636 defuisse,
728 1575 822 1636 nunc,
845 1558 993 1640 qnoniam
1015 1555 1055 1624 ab
1078 1557 1137 1624 hoc
1159 1559 1382 1642 qualicumque

247 1667 341 1732 uerbo
374 1683 442 1730 ease
470 1683 522 1730 me
550 1663 688 1728 liberum
717 1678 802 1743 reor,
836 1660 971 1726 liborum
1001 1659 1061 1726 fide
1088 1664 1209 1738 uestra,
1243 1660 1381 1727 liberum

247 1768 439 1834 conscientia
466 1785 551 1844 mea,
589 1763 688 1847 ipsius
716 1763 807 1831 uerbi
836 1764 1044 1849 ambiguitate
1073 1763 1216 1832 discussa
1245 1764 1382 1830 conabor

246 1869 421 1952 exquirere,
456 1869 489 1936 hi
511 1869 566 1952 qui
587 1868 633 1934 ita
654 1885 709 1932 nos
731 1866 928 1950 respondisse
957 1869 1121 1946 adserunt,
1160 1867 1296 1952 qualiter
1318 1867 1382 1950 ipsi

246 1974 458 2058 interrogasse
490 1972 667 2038 uideantur.
705 1969 837 2037 forsitan
869 1989 924 2053 por·
958 1972 1086 2038 modum
1121 1969 1381 2056 interrogationis
1391 1995 1417 2038 re

246 2077 388 2159 ipsorum
409 2091 557 2141 arcanum
578 2072 737 2157 dogmatis
759 2072 979 2154 denudabitur,
1001 2078 1037 2139 ut
1052 2073 1218 2157 reciprocis
1241 2073 1381 2141 feriendo

247 2179 429 2244 uulneribus
462 2176 646 2242 emissorem
678 2195 771 2242 suum
804 2176 935 2242 remmsa
967 2178 1083 2242 certius
1114 2176 1180 2242 tela
1211 2177 1379 2261 castigent.

218 2285 295 2354 uait
327 2284 412 2348 enim
442 2281 573 2348 anobis
606 2298 673 2346 esse
707 2297 906 2362 responsum:
942 2277 1008 2346 ‘nec
1039 2298 1111 2346 cum
1133 2281 1192 2348 Dei
1221 2280 1380 2346 adiutorio

246 2387 351 2467 potest
372 2385 464 2454 homo
485 2402 552 2449 esse
572 2385 639 2449 sine
660 2381 808 2465 peccato’.
843 2383 901 2448 hoc
924 2383 952 2448 ei
975 2385 1141 2466 quisquam
1156 2384 1319 2452 hominurn
1334 2382 1382 2448 ita

248 2489 415 2555 dicendum
436 2488 542 2570 putet,
574 2492 611 2552 ut
631 2485 690 2553 sub
712 2484 898 2553 infirmitate
919 2485 1056 2553 hominis
1078 2490 1182 2555 Deum
1205 2506 1267 2555 non
1289 2505 1417 2571 possete

350 2672 491 2712 armenas
527 2656 697 2712 isusaunae
715 2654 820 2710 Daniel
838 2658 873 2710 13
971 2656 1149 2712 ilNabuthae
1167 2659 1231 2729 Rep.
1249 2664 1274 2726 3,
1292 2662 1330 2714 21

302 2796 316 2847 1
343 2793 387 2847 dei
403 2793 539 2849 adiutorio
563 2810 579 2848 o
610 2795 625 2863 ll
652 2809 708 2849 esse
726 2793 872 2865 hominem]
891 2793 1027 2851 homiuem
1044 2811 1101 2851 esse
1122 2796 1152 2847 Ψ
1251 2798 1381 2869 ligiam

249 2882 308 2945 (loe
333 2896 462 2949 rasurae,
488 2881 604 2950 demque
630 2881 690 2936 otio
712 2882 744 2935 ia
766 2898 852 2953 marp.
877 2882 961 2937 coisse
984 2882 1092 2937 litterae
1115 2899 1220 2953 capos,
1248 2884 1382 2939 amemur

247 2971 371 3035 spectare
388 2965 427 3020 aa
443 2966 608 3021 uocabulum
624 2964 819 3033 diuidendum)
837 2968 862 3019 Φ
889 2967 901 3037 ΙΙ
930 2966 1015 3036 nobis]
1035 2966 1113 3021 uobis
1133 2968 1164 3019 Ψ
1195 2968 1306 3024 anobis
1323 2985 1339 3024 o
1359 2970 1372 3041 ΙΙ

249 3051 301 3105 id¹o
324 3050 386 3105 uolo
411 3067 444 3105 ne
468 3051 798 3107 ramesiensium
826 3054 857 3104 Ψ
894 3054 907 3123 ΙΙ
947 3054 1020 3108 'ideo
1047 3055 1289 3123 (cauponesque
1313 3057 1382 3123 fort.

248 3138 403 3203 rasuram
504 3137 611 3206 3uolo]
632 3138 683 3194 Ψυ
717 3154 767 3194 osa
787 3140 890 3191 ΣΝΧ
915 3138 928 3209 ΙΙ
956 3138 1059 3193 dictum
1076 3142 1167 3194 tamar
1185 3142 1213 3193 Σ
1307 3140 1384 3198 lori

248 3236 359 3279 cusum
395 3222 624 3277 testimonio-5
648 3238 683 3278 ne
712 3222 778 3277 dnm
806 3225 852 3279 oet
885 3226 923 3279 od
953 3230 1107 3293 aequaturi
1138 3225 1384 3297 episc-peccare

247 3317 281 3370 iot
297 3330 383 3387 story.
401 3316 490 3371 odem.
508 3331 527 3387 q
545 3317 576 3385 (i.
589 3332 613 3373 e.
631 3333 729 3387 quaero
745 3323 777 3373 ot
793 3319 864 3384 aid.)
882 3318 915 3373 in
931 3322 957 3372 Φ
1059 3320 1075 3374 6
1094 3319 1268 3374 crederctalia
1286 3322 1316 3389 (a
1332 3321 1382 3389 piet

250 3412 342 3476 erm)
360 3412 389 3462 Σ
409 3411 424 3480 {t
444 3410 651 3481 credulitatelo
693 3412 927 3467 cedulitatemo
970 3413 1160 3469 crudelitatem
1176 3414 1284 3467 ΜΨ
1325 3429 1384 3469 crn-

251 3514 362 3569 dclitete
384 3516 471 3583 Μς
506 3518 573 3570 nocie
590 3529 663 3571 aen.
685 3515 985 3585 ipsese-crudelitate
1001 3518 1058 3587 peel
1079 3518 1112 3572 ie
1129 3517 1252 3589 morpioe
1270 3534 1290 3570 :·
1309 3518 1338 3569 Σ
1360 3518 1374 3587 ΙΙ

250 3636 382 3706 peccaret]
405 3637 504 3705 scripsi
549 3650 655 3704 peccare
677 3634 783 3692 codices
828 3636 981 3691 aestimaret
997 3649 1137 3706 peccares
1239 3609 1385 3707 8nsbutq

249 3751 277 3817 (ι
294 3763 314 3803 a
332 3763 353 3802 e
371 3764 407 3803 su
425 3751 453 3816 1)
474 3748 504 3799 X
545 3721 678 3804 nabntl're·
699 3750 781 3816 (erae
804 3754 835 3805 ot
852 3748 911 3805 oid.
929 3750 952 3818 i)
979 3749 1010 3800 Ψ
1121 3748 1138 3803 9
1162 3748 1334 3804 hierosolima
1357 3753 1382 3816 q*

250 3842 333 3911 erac.)
351 3843 404 3894 ΣΦ
447 3842 645 3898 hierosolimam
668 3844 694 3895 Y
734 3842 911 3898 iherosolimt
929 3844 957 3913 (a
972 3843 1040 3910 sort.
1058 3858 1091 3897 ca
1109 3860 1127 3897 ιι
1146 3846 1228 3913 coos.)
1245 3844 1274 3895 X
1316 3842 1384 3898 iero·

250 3926 348 3981 solima
367 3927 398 3978 Ψ
418 3927 431 3998 u
452 3928 526 3996 iqua
542 3930 571 3981 X
603 3944 741 3999 nunquam
756 3928 787 3981 Ψ
877 3930 908 3983 11
923 3930 1100 3999 qualicunque
1112 3930 1194 3981 m
1279 3930 1312 3984 13
1323 3947 1384 3985 mea

250 4010 411 4068 couscientia
431 4012 462 4064 Ψ
478 4013 491 4083 ΙΙ
511 4014 632 4069 discussa
648 4016 673 4082 (c
691 4014 972 4084 misiniacus.)
990 4016 1018 4067 Χ
1035 4016 1047 4087 ΙΙ
1067 4014 1120 4071 flde
1138 4018 1187 4071 ura
1205 4016 1320 4071 conabor
1336 4017 1385 4072 sed

249 4096 301 4152 fide
311 4100 360 4152 isra
370 4098 418 4152 lia
431 4098 569 4154 condocta
580 4098 670 4154 deleto
680 4100 710 4151 Χ
806 4100 840 4155 11
857 4103 982 4156 asserunt
998 4100 1133 4154 ΣΝΧΨ
1150 4100 1163 4173 1Ι
1183 4102 1247 4171 ipsi]
1260 4106 1384 4158 asserunt

249 4182 301 4252 ipsi
318 4183 367 4239 sed
383 4186 509 4238 mserunt
526 4184 602 4240 liaeo
618 4184 756 4241 subducta
777 4185 829 4241 del.
850 4188 877 4238 Χ
977 4187 1012 4241 16
1037 4188 1166 4257 ipsernrn]
1191 4202 1282 4241 eorum
1309 4190 1374 4260 ΨΜ

246 4268 395 4325 archanum
412 4270 547 4323 ΣΝΧΨ
564 4272 578 4342 ιι
596 4270 724 4326 ἱοιίοπάὶε
745 4272 776 4323 Ψ
863 4272 897 4327 18
915 4288 970 4328 esse
988 4288 1040 4329 oca
1058 4274 1084 4324 Ψ
1173 4272 1208 4327 20
1224 4273 1265 4342 ut]
1284 4276 1313 4329 et
1330 4275 1386 4327 ῬΨ
