2934 4975
513 338 671 408 capitula
694 337 751 392 lib.
773 333 830 388 llll.
1169 337 1233 404 599

123 515 173 576 iil.
198 515 240 574 De
262 514 410 590 eruptione
432 515 562 588 gentium
583 515 762 573 diuersarum
780 511 930 572 aduersum
945 513 1058 588 imperii
1074 515 1223 587 utriusque

198 618 403 692 rempublicam
434 617 471 676 ab
504 617 639 676 stilicone
662 619 693 676 ut
714 615 817 676 Rufino
847 613 950 689 palatii
976 616 1132 676 rectoribus
1154 635 1223 692 per·

199 722 265 781 lidis
297 719 421 780 excitata
452 724 483 781 at
514 719 749 795 quemadmodum
778 717 959 793 Radogaisns
992 735 1041 779 rer
1067 719 1224 780 Gothorum

199 824 306 898 absque
335 825 420 883 clade·
443 824 543 898 aliqua
563 824 769 892 Romanorum,
800 822 894 894 mugis
917 822 992 882 famo
1014 824 1044 882 et
1065 821 1115 883 siti
1138 840 1224 897 quam

199 928 304 1002 gladio,
328 943 392 985 cum
414 927 527 1000 ingenti
549 928 594 986 sui
609 927 710 1000 gentis
725 925 834 986 excidio
854 923 894 984 sit
916 925 1081 1000 peremptus
1104 927 1133 986 at
1148 925 1224 999 qnod

200 1029 297 1089 Stilieo
337 1046 430 1090 eomes
468 1029 588 1090 Honorii
628 1027 831 1104 rempublicam
871 1026 990 1088 sceleris
1029 1029 1075 1088 sui
1109 1028 1224 1089 detecta

197 1133 316 1207 perfidia
346 1134 383 1192 ab
412 1133 509 1191 ecdem
531 1134 662 1207 Augusto
693 1149 757 1191 cum
780 1131 921 1192 Eucherio
951 1130 1011 1191 lilio
1033 1133 1073 1191 sit
1094 1133 1223 1206 punitus.

201 1233 257 1316 [37
274 1244 289 1306 ς
305 1233 336 1314 1]

109 1374 175 1433 hII.
200 1375 281 1444 Quod
304 1376 401 1434 urbem
415 1376 533 1434 Romam
554 1391 605 1433 rex
628 1373 786 1436 Gothorum
811 1372 947 1433 Alaricus
970 1373 1112 1446 inruperit
1134 1373 1224 1445 qrrod·

63 1499 87 1536 m
199 1492 254 1550 que
275 1477 336 1538 illic
358 1495 375 1536 a
397 1476 467 1535 duce
490 1478 551 1552 ipso
574 1476 620 1534 uel
642 1475 864 1536 misericorditer
886 1475 946 1534 sint
966 1475 1051 1550 plura
1073 1478 1156 1550 gesta
1177 1475 1225 1534 uel

199 1579 321 1651 fortitu,
350 1581 387 1640 de
417 1581 532 1652 ictuque
561 1579 691 1640 fulminis
720 1580 751 1638 in
774 1579 850 1639 Vrbe
873 1580 1015 1640 moenium
1036 1579 1224 1653 publicarum

201 1681 258 1761 [38
273 1690 290 1750 s
305 1680 336 1761 r]

98 1821 178 1880 hUI.
201 1821 281 1892 Quod
303 1823 339 1880 ab
362 1821 488 1880 eiusdem
511 1821 620 1881 Alarici
643 1819 722 1894 regis
751 1819 912 1896 propinquo
935 1819 1074 1880 Athaulio
1096 1819 1225 1880 Placidia

199 1924 229 1982 in
252 1925 329 1983 Vrbe
362 1926 432 1983 tunc
464 1927 549 1996 captu
582 1928 668 1998 atque
695 1924 725 1982 in
747 1941 864 1985 uxorem
886 1925 1018 1983 adsumta
1039 1924 1079 1984 sit
1101 1927 1131 1983 et
1152 1941 1224 1998 quae

66 2047 89 2087 ιε
199 2030 377 2102 quantaeque
398 2044 451 2101 per
473 2025 594 2086 Galliam
615 2027 773 2086 Stilicionis
802 2027 923 2102 perfidia
946 2028 1101 2088 suscitatae
1123 2029 1224 2102 gentes

200 2132 347 2204 eruperint
373 2131 553 2203 Francosque
576 2129 767 2203 protriuerint
789 2132 819 2189 et
841 2133 915 2204 quod
938 2130 1040 2190 diebus
1061 2130 1133 2204 ipsis
1149 2131 1223 2190 Oun-

199 2235 347 2293 stentinus
370 2235 512 2307 tyrannus
542 2232 643 2293 humili
665 2234 728 2292 loco
750 2236 837 2293 natus
862 2233 1004 2293 adiunctis
1026 2232 1085 2293 filio
1108 2233 1224 2294 solaciis

200 2336 386 2396 burburerum
416 2335 571 2409 adgressus
594 2336 755 2410 Hispanias
785 2354 907 2410 magnas
933 2337 1038 2395 ciuium
1060 2336 1224 2409 prouinciae

200 2438 292 2513 ipsius
315 2440 429 2512 strages
451 2437 582 2501 ediderit.
607 2435 665 2518 [40
680 2447 695 2508 o
711 2436 742 2519 1]

66 2575 192 2636 aohIIIL
216 2576 296 2645 Quod
329 2576 473 2637 Honorius
502 2580 653 2653 Augustus
681 2581 711 2638 et
740 2580 852 2639 easdem
880 2580 999 2652 gentes,
1033 2594 1104 2652 quus
1137 2595 1224 2651 supra

199 2686 330 2758 diximus,
361 2691 392 2747 at
411 2689 516 2748 multus
539 2690 570 2748 in
592 2688 692 2749 Africa
713 2690 776 2749 siue
798 2689 891 2748 Gellia
913 2692 1096 2764 tyrannorum
1119 2706 1152 2747 ac
1174 2706 1225 2763 per

200 2799 261 2858 loce
294 2799 405 2874 reliqua
437 2802 616 2860 saeuiantum
649 2800 791 2861 adiutorio
815 2801 924 2861 Christi
953 2817 1004 2873 per
1026 2800 1224 2861 Constantium

201 2910 333 2970 comitem
356 2929 462 2986 magna
482 2912 623 2973 felicitate
644 2913 824 2988 represserit.
848 2908 905 2991 [42
921 2919 936 2979 o
953 2908 983 2989 1]

115 3057 173 3118 LV.
198 3058 241 3116 De
263 3059 390 3118 eiusdem
412 3062 584 3120 strenuitate
608 3060 784 3131 Constantii,
809 3060 857 3135 qni
880 3059 915 3119 de
938 3058 1041 3119 Galliis
1064 3059 1094 3118 in
1115 3057 1223 3133 Hispu-

66 3180 89 3222 25
197 3170 260 3229 nias
293 3170 400 3230 Gothos
433 3172 558 3231 transire
591 3172 699 3247 coegit,
734 3174 764 3232 et
793 3170 921 3231 Atheulfi
950 3172 1027 3245 regis
1058 3172 1222 3242 Gothorum,

198 3282 373 3342 successoris
389 3282 507 3357 Alarici,
530 3284 580 3357 qni
595 3283 754 3343 Placidiam
769 3286 802 3345 da
818 3284 895 3343 Vrbe
910 3283 966 3342 eibi
981 3282 1085 3342 sumsit
1099 3299 1224 3355 uxorem,

197 3391 244 3451 uel
266 3393 416 3452 deuotione
438 3410 507 3467 erga
527 3396 732 3469 rempublicam
759 3395 805 3455 nel
832 3394 908 3470 apud
922 3394 1135 3454 Barchinonam
1156 3393 1222 3452 fine.

200 3500 257 3583 [4³
273 3511 288 3572 r
304 3500 334 3583 ι]

146 3806 347 3876 2rempublica
448 3808 689 3876 3qnemammodo
792 3808 937 3878 bingenta
1041 3810 1172 3880 legunto
1201 3811 1214 3880 Η

97 3892 197 3945 eneeric
284 3894 316 3946 11
330 3892 362 3945 de
374 3892 472 3947 addidi
491 3893 503 3963 ΙΙ
522 3893 692 3963 publicarum
709 3894 749 3948 eie
836 3894 870 3947 13
881 3893 1001 3963 plaeedia
1088 3896 1122 3949 15
1138 3910 1223 3963 quan-

97 3979 140 4030 tae
161 3978 174 4048 ΙΙ
196 3977 324 4031 amcimte
426 3979 461 4032 16
482 3979 642 4047 francusque
746 3979 779 4033 11
803 3982 948 4049 tyrrannus
1052 3981 1084 4035 19
1107 3980 1223 4049 strageri

96 4060 194 4117 diderit
279 4064 342 4117 201.
362 4063 374 4133 ΙΙ
393 4072 505 4133 agustus
595 4064 630 4118 21
643 4064 761 4120 dixemus
781 4066 794 4137 ΙΙ
814 4065 915 4120 multus
936 4066 948 4135 ΙΙ
968 4068 1154 4137 tyrrannorum

96 4147 129 4201 23
153 4148 279 4203 illicitate
382 4150 417 4203 24
442 4166 472 4205 nr
497 4152 522 4206 lr.
541 4152 575 4219 l.,
608 4163 671 4206 aru
699 4154 731 4207 iu
753 4154 813 4223 ipae
835 4152 924 4209 Orosd
946 4168 1025 4221 opere
1127 4152 1161 4205 27
1179 4153 1223 4206 de-

98 4234 206 4290 untione
