2934 4975
238 312 303 379 280
556 310 656 367 Pauli
674 310 789 366 Orosii
806 310 1042 367 Historiarum

244 483 417 550 scelerata?
451 482 483 547 et
513 500 552 547 ne
582 481 825 564 antiquitatibus
856 482 963 551 uidear
992 485 1168 565 immorari,
1202 486 1293 551 testis
1322 486 1372 549 ast

244 588 344 653 Roma
371 586 409 651 de
431 585 578 671 Pompeio
607 586 789 667 interfecto,
818 587 908 653 testis
931 588 1092 673 Aegyptus
1115 588 1152 655 de
1173 588 1372 655 interfectore

245 690 434 756 Ptolemaeo.

217 795 236 856 2
292 792 382 861 'Mihi
404 794 510 860 autem
530 794 632 877 prima
653 793 884 877 qualiscumque
905 795 1009 860 motus
1032 794 1265 876 perturbatione
1289 794 1372 879 fngi-

162 888 183 929 9·
199 877 321 975 ²⁸⁸enti,
343 895 471 980 quiade
488 895 686 982 confugiendi
700 898 837 963 statione
852 914 971 975 securo,
995 897 1109 981 ubique
1124 898 1237 981 patria,
1260 897 1376 980 ubique
1396 916 1410 957 s

218 1000 296 1067 alex
318 1003 349 1065 et
370 997 482 1083 religio
509 1017 580 1064 moa
608 1003 666 1065 est.
699 1016 783 1064 nuno
804 1017 854 1065 mo
876 998 987 1065 Africa
1008 1004 1076 1065 tam
1098 1000 1232 1067 libenter
1253 1001 1375 1085 eroopit

247 1122 341 1186 quam
357 1101 545 1169 confidenter
561 1100 694 1184 accessi;
715 1119 800 1167 nuuc
815 1118 874 1181 me,
897 1100 1035 1184 inquam,
1053 1102 1117 1169 ista
1132 1103 1240 1169 Africa
1255 1104 1376 1186 excepit

246 1223 323 1290 pace
345 1204 495 1289 simplici,
518 1206 588 1270 sinu
609 1205 750 1289 proprio,
774 1203 840 1271 iure
862 1205 1035 1284 communi,
1064 1207 1103 1273 de
1125 1224 1187 1289 qua
1208 1205 1375 1289 aliquando

249 1309 368 1374 dictum
390 1312 422 1373 et
444 1327 517 1374 nere
538 1308 659 1373 motum
680 1309 729 1373 est

701 1409 821 1479 hospitio
839 1408 1010 1481 prohibemur
1027 1409 1155 1475 harenae,
1386 1423 1412 1463 ro

453 1494 530 1549 Bella
546 1494 619 1550 cient
637 1493 778 1566 primaque
795 1497 891 1550 uebnt
908 1497 1052 1550 consistere
1069 1498 1154 1562 terra;

250 1599 333 1647 nuno
354 1582 437 1646 ultro
460 1581 499 1647 ad
521 1580 730 1665 suscipiendos
752 1581 851 1647 socios
874 1582 1033 1667 religionis
1051 1584 1084 1647 et
1098 1582 1183 1666 pacis
1199 1602 1273 1649 suae
1288 1582 1396 1649 benir

250 1684 359 1752 nolum
386 1686 452 1751 late
480 1686 637 1770 gremium
666 1687 776 1771 pandit
798 1686 892 1771 atque
914 1685 997 1751 ultro
1019 1685 1131 1766 sessos,
1162 1704 1238 1771 quos
1261 1685 1377 1769 foueat,

222 1789 375 1855 ainuitat.
409 1788 544 1856 latitudo
573 1790 718 1867 orientis,
748 1788 969 1874 septentrionis
1000 1791 1178 1872 copiositas,
1207 1790 1379 1857 meridiana

251 1890 385 1976 diffusio,
408 1910 593 1977 magnarum
615 1892 794 1959 insularum
815 1892 1012 1983 largissimae
1032 1892 1269 1975 tutissimaeque
1291 1890 1413 1959 sedena

252 1996 314 2060 mei
342 1995 420 2060 iuris
451 1999 482 2061 et
504 1997 638 2061 nominis
666 1996 757 2080 sunt,
792 1996 866 2079 quia
894 1996 934 2061 ad
957 1980 1147 2066 Ohtiitianos
1170 1996 1201 2060 et
1223 1996 1379 2063 Romanos

223 2098 409 2164 tRomanus
430 2099 463 2163 at
480 2098 676 2165 Christianus
699 2100 822 2165 amado.
855 2117 916 2164 non
940 2099 1036 2165 timeo
1058 2101 1130 2164 deos
1152 2096 1284 2182 hospitis
1307 2097 1380 2177 mei,

252 2219 313 2266 non
335 2202 429 2266 timeo
444 2201 628 2286 religionem
646 2201 711 2267 eius
726 2194 835 2268 necem
850 2220 961 2281 meam,
986 2221 1046 2267 non
1062 2200 1161 2267 habeo
1176 2199 1274 2268 talem
1289 2219 1381 2284 quem

251 2304 470 2389 pertimescam
498 2306 617 2386 locum,
651 2306 707 2372 ubi
728 2306 760 2371 et
789 2307 957 2391 possessori
983 2306 1077 2371 liceat
1100 2303 1275 2389 perpetrare
1299 2302 1380 2386 qnod

252 2408 331 2472 uelit
354 2408 385 2473 et
406 2410 569 2496 peregrino
591 2428 652 2475 non
674 2408 769 2475 liceat
792 2408 939 2474 abhibere
967 2410 1048 2492 quod
1070 2406 1231 2488 conuenit,
1259 2406 1316 2473 ubi
1337 2406 1418 2473 sitae

225 2511 302 2576 oins
325 2511 455 2596 hospitis
478 2513 560 2595 quod
582 2531 688 2579 meum
710 2530 771 2577 non
795 2512 853 2592 sit;
882 2531 961 2578 unus
984 2511 1079 2592 Deus,
1103 2513 1156 2596 qui
1178 2511 1381 2595 temporibus,

171 2651 194 2692 ρ.
207 2615 364 2697 sequibus
393 2617 459 2699 ipso
489 2615 693 2681 innotescere
721 2613 839 2693 uoluit,
870 2616 950 2681 hanc
971 2615 1060 2699 regni
1082 2616 1195 2681 statuit
1216 2615 1383 2694 unitatem,

254 2717 293 2782 ab
316 2720 458 2784 omnibus
488 2723 520 2784 et
543 2717 687 2802 diligitur
709 2723 741 2784 et
763 2719 906 2796 timetur;
942 2717 1067 2783 eaedem
1095 2718 1196 2802 leges,
1229 2736 1307 2802 quae
1329 2715 1384 2782 uni

357 2887 497 2928 recreans
533 2872 619 2942 cap2
636 2873 672 2939 cs.
689 2871 962 2943 Augustinorum.
982 2876 1007 2938 3,
1024 2875 1062 2928 23
1165 2875 1181 2936 t
1198 2871 1216 2924 2
1232 2869 1385 2940 hospitio-

256 2959 328 3012 terra
349 2958 485 3029 Vergilius
501 2961 572 3017 Aea.
591 2963 616 3026 1,
633 2962 689 3015 540
706 2975 744 3028 sq.

309 3095 515 3150 anacleto·
536 3097 549 3167 p
568 3097 647 3150 cese
659 3101 701 3151 eet
713 3097 754 3151 n²
774 3097 788 3168 p
807 3081 972 3167 appensi)
992 3095 1004 3168 p
1024 3095 1202 3166 merresa]
1216 3095 1270 3148 nn
1304 3094 1388 3148 intor-

257 3181 328 3235 feoto
346 3181 375 3238 Β
408 3182 549 3237 interfecto
562 3199 625 3252 rege
641 3182 671 3237 D
773 3183 942 3253 3ptolemeo
961 3181 988 3236 L
1022 3183 1156 3252 ptolomeo
1174 3182 1201 3237 Β
1235 3179 1386 3250 ptolomaeo

258 3266 287 3321 D
387 3267 628 3338 tqualescumqua
644 3267 684 3322 13²
787 3269 928 3336 tralegio
946 3267 984 3322 Β1
1016 3268 1028 3338 ΙΙ
1059 3267 1151 3321 affrica
1167 3265 1197 3320 D
1300 3263 1388 3318 iieta

259 3358 286 3419 (a
302 3353 335 3408 ia
351 3369 406 3408 rea.
425 3370 459 3410 m.
477 3357 508 3420 2)
527 3354 556 3409 D
591 3352 605 3424 ll
641 3353 734 3409 altrice
756 3353 787 3408 D
889 3355 1086 3409 Soommuuae
1103 3351 1144 3406 1)ι
1183 3351 1195 3422 ΙΙ
1232 3349 1294 3422 qua]
1314 3348 1388 3419 quali

259 3440 300 3496 L·
402 3440 436 3494 12
453 3440 637 3509 suspiciendus
654 3437 696 3494 D¹
717 3439 730 3510 ΙΙ
754 3437 796 3494 sui
813 3438 842 3494 Β
861 3437 874 3509 ΙΙ
897 3439 957 3492 ben.
976 3438 1042 3508 late]
1063 3437 1279 3491 beneuolumtate
1297 3439 1322 3503 (a
1338 3433 1388 3500 lia.

259 3529 291 3582 ia
308 3528 318 3581 i
335 3533 403 3583 mat.
414 3543 448 3581 m.
461 3529 492 3592 2)
510 3525 540 3580 D
562 3525 575 3596 ΙΙ
596 3523 837 3594 beniuolum1LR
940 3523 973 3579 13
991 3525 1073 3580 ultrol
1092 3523 1120 3578 Β
1223 3523 1257 3576 14
1274 3524 1390 3591 septam·

259 3613 356 3668 trionis
373 3617 438 3668 corte
454 3626 511 3666 roe.
529 3609 557 3666 Β
594 3611 607 3682 ΙΙ
642 3610 820 3665 ..meridiana
838 3611 887 3679 (cr.
907 3609 971 3678 hl)
990 3610 1017 3665 R
1121 3607 1320 3662 ramentorum
1338 3623 1390 3662 cor.

260 3699 290 3754 D
394 3699 428 3753 18
444 3713 506 3752 nece
523 3711 583 3752 mea
599 3695 627 3753 Β
660 3711 782 3752 necemus
802 3696 844 3752 D¹
878 3695 980 3764 naalma
997 3693 1059 3763 (sto)
1078 3691 1119 3746 D²
1141 3691 1153 3762 ΙΙ
1176 3695 1264 3764 quem]
1284 3693 1391 3762 qualem

261 3820 291 3875 D
392 3819 428 3874 20
444 3818 585 3888 peregrino
604 3820 628 3884 (e
644 3817 734 3872 wera
751 3832 787 3872 ec
804 3833 826 3872 a
841 3816 865 3883 ?)
883 3817 912 3874 Β
943 3815 955 3887 ΙΙ
991 3813 1099 3884 eitius]
1117 3783 1194 3899 sinus
1212 3817 1288 3877 (mat.
1307 3813 1391 3878 Η)

262 3922 292 3978 D
393 3919 655 3993 a1noepitie113a
697 3920 812 3989 hospicii
830 3920 859 3974 D
903 3917 1050 3989 hospitiib
1078 3917 1091 3988 ΙΙ
1119 3931 1171 3970 uon
1189 3931 1278 3970 meum
1295 3914 1324 3969 Ι,

263 4041 297 4095 93
315 4046 343 4096 et
360 4043 543 4104 temetnrsean
554 4040 646 4096 eadem
664 4013 732 4125 legi}
751 4055 818 4123 quac
837 4041 917 4106 (corr.
935 4054 970 4094 oa
988 4039 1016 4102 2,
1035 4035 1152 4092 amdam
1165 4042 1234 4092 scat
1245 4035 1318 4100 boor
1333 4041 1383 4090 ete

263 4145 562 4215 interpunctionem
583 4144 597 4216 ΙΙ
625 4143 716 4200 cadam
734 4144 807 4212 leges
825 4145 898 4210 (moa
916 4157 929 4194 s
947 4143 1038 4204 eraso)
1056 4140 1096 4195 Βι
1130 4139 1187 4194 Hoc
1203 4138 1300 4194 ecdem
1319 4139 1393 4208 leges

265 4231 303 4287 13²
324 4232 337 4302 ΙΙ
362 4247 427 4302 qua·
444 4231 472 4288 Β
