2934 4975
254 341 318 406 202
576 336 676 393 Pauli
695 337 810 393 Oroeii
826 337 1066 392 Historiarum

265 511 434 578 Alexandri
458 509 590 576 ducibus
613 511 670 576 soli
693 510 887 593 possiderent
910 514 944 575 et
965 510 1202 594 angustissimos
1224 508 1398 576 senectutis

265 634 301 680 ec
324 615 408 680 uitae
431 631 505 679 suae
527 615 678 680 terminos
700 633 762 679 nou
785 614 981 696 aspicientes,
1005 617 1153 697 augurator
1175 631 1242 679 esse
1264 613 1398 699 imperio

214 726 253 782 61
265 737 319 783 suo
347 718 445 784 totius
473 717 584 781 mundi
614 718 766 782 terminos
794 716 1039 783 arbitrabantur.
1073 717 1106 782 in
1135 736 1170 783 eo
1198 717 1279 783 bello
1308 717 1398 799 Lysi·

181 855 202 896 p.
216 821 408 898 momachus,
437 820 490 885 uel
517 819 642 884 arnissis
665 820 715 884 uel
739 818 926 884 interiectis
949 820 1036 903 prius
1058 823 1132 886 ante
1153 821 1233 886 hanc
1258 837 1399 903 pugnam

150 1006 151 1017 ἵ
264 923 444 1005 quindecim
467 921 590 1002 liberis,
613 924 788 1006 postremus
817 922 936 988 occism
959 924 1017 988 est
1050 923 1096 988 sic
1118 923 1324 1007 Lysimachus
1345 940 1397 986 so·
1421 941 1435 982 s

215 1026 343 1092 solutio
366 1045 487 1110 pugnae
510 1026 728 1092 Macedonicae
751 1027 822 1092 fuit.
857 1027 912 1092 sed
934 1046 973 1092 ue
994 1026 1140 1092 Seleucus
1163 1026 1290 1109 quidem
1306 1027 1399 1090 tanta

263 1129 395 1194 uictoria
429 1130 542 1210 inpune
577 1129 713 1196 laetatus
747 1133 812 1194 est:
846 1147 921 1194 nam
952 1148 1051 1211 neque
1078 1130 1145 1212 ipae
1176 1133 1247 1212 post
1275 1146 1398 1193 nxxvu

264 1250 360 1298 annos
384 1233 519 1316 quietem
543 1233 694 1299 naturalis
714 1234 826 1299 mortis
849 1233 989 1311 inuenit,
1012 1233 1066 1298 sed
1089 1233 1243 1299 extortam
1264 1232 1326 1298 sibi
1348 1233 1397 1298 iu-

214 1341 253 1395 64
263 1334 400 1400 feliciter
422 1336 521 1402 uitam
545 1337 633 1402 uelut
656 1338 827 1402 immatura
843 1341 943 1402 morte
958 1334 1080 1402 finiuit:
1104 1337 1218 1417 quippe
1232 1333 1398 1400 insistente

262 1439 451 1515 Ptolemaeo,
476 1441 563 1504 cuiue
586 1457 724 1506 sororem
740 1440 944 1523 Lysimachus
967 1439 1215 1506 in‘matrimonio
1231 1435 1436 1514 habuerat,1o

263 1543 383 1608 insidiis
407 1544 637 1608 chenmuentus
660 1544 782 1608 occisus
805 1547 863 1608 eat.

213 1689 252 1743 oc
306 1681 393 1745 Haec
416 1681 491 1744 sunt
514 1679 599 1745 inter
622 1684 768 1764 parentes
792 1681 873 1746 filios
896 1681 1009 1746 iratres
1022 1698 1068 1745 ac
1091 1682 1188 1746 socios
1211 1678 1398 1761 consangui-

264 1782 372 1846 nitatis
395 1781 615 1866 societatisque
639 1786 834 1851 commercia.
869 1786 951 1850 tanti
975 1785 1058 1866 apud
1081 1783 1152 1848 illos
1180 1782 1288 1848 diuina
1305 1785 1399 1863 atque

214 1885 401 1950 Genumana
428 1886 537 1969 religio
567 1888 770 1967 pendebatur.
807 1891 990 1954 erubescant
1020 1905 1094 1953 sane
1126 1891 1163 1954 de
1185 1887 1400 1953 recordatione

263 1988 521 2070 praeteritorum,
546 1989 599 2071 qui
623 2008 705 2054 nuno
727 1990 908 2055 interuentu
932 1991 1027 2057 solius
1050 1991 1121 2057 fidei
1145 1989 1339 2056 Christianae
1362 2005 1438 2057 acre

263 2093 364 2156 medio
396 2093 522 2156 tantum
550 2093 716 2158 iurationis
746 2098 953 2160 sacramento·
977 2097 1082 2160 uiuere
1105 2113 1138 2159 so
1162 2112 1234 2159 cum
1257 2092 1398 2158 hostibus

366 2426 506 2467 lucrosus
542 2417 557 2478 p
575 2413 671 2479 lta-e
689 2413 723 2468 64
741 2413 840 2469 lusan.
861 2419 902 2478 17,
919 2417 940 2469 2
957 2421 975 2479 5
992 2417 1080 2469 121

315 2724 326 2775 l
346 2726 374 2777 et
392 2721 478 2777 deleri
491 2723 572 2777 iemait
587 2721 706 2778 Gurbita
721 2739 752 2792 p.
765 2727 799 2779 36
902 2724 918 2777 2
937 2724 1108 2794 aspicientes]
1127 2724 1239 2779 LPRD
1257 2725 1307 2790 (·is
1318 2726 1358 2795 D)
1375 2728 1388 2795 ll

260 2809 391 2913 angusto'ss
409 2843 437 2899 R
472 2844 638 2913 angusciorie
656 2844 686 2897 D
788 2844 920 2915 3totlua]
939 2846 1009 2910 tutis
1027 2844 1056 2899 D
1084 2846 1096 2915 ΙΙ
1125 2861 1154 2900 eo
1173 2863 1223 2903 om.
1243 2847 1273 2900 D
1294 2847 1307 2917 ΙΙ
1332 2846 1397 2915 lysi-

260 2962 351 3000 maeus
370 2948 424 3003 PR
464 2946 622 3002 lisimachus
640 2948 669 3001 D
771 2949 880 3018 laute]
906 2964 970 3003 aneo
993 2950 1020 3001 D
1114 2940 1140 3003 ‘5
1158 2965 1198 3006 xv
1217 2948 1271 3006 PR
1294 2950 1306 3020 ΙΙ
1329 2950 1396 3019 lysi-

260 3064 349 3104 macus
374 3049 429 3105 PR
529 3050 772 3105 dmachedonicao
797 3050 862 3107 ΡΒι
899 3051 913 3121 ΙΙ
950 3051 1028 3106 tanta
1045 3066 1096 3105 om.
1117 3053 1155 3105 Ρ·
1259 3052 1275 3105 i
1299 3054 1397 3121 inpone

259 3151 288 3205 D
307 3153 320 3221 ll
341 3156 434 3224 neque]
454 3170 504 3224 que
523 3170 554 3209 ue
573 3155 602 3209 D
624 3154 637 3225 ΙΙ
660 3155 834 3225 septuaghrta
855 3158 958 3225 septem
980 3156 1008 3209 L
1051 3156 1223 3225 septuaginta
1246 3160 1274 3211 et
1295 3159 1398 3226 septem

259 3256 289 3311 D
391 3260 509 3313 earnis
532 3259 561 3313 D
584 3258 596 3329 ΙΙ
618 3257 690 3313 inter
709 3257 861 3313 flciliterD
963 3260 1085 3313 liueluti
1103 3260 1159 3316 RD
1263 3261 1296 3314 10
1314 3262 1398 3329 ptolo.

259 3377 316 3415 meo
328 3362 356 3415 L
391 3362 541 3431 ptholomeo
554 3364 607 3417 PR
641 3362 813 3432 ptholomaeo
825 3362 854 3416 D
874 3362 887 3432 ΙΙ
906 3362 1051 3433 lysimacho
1065 3365 1118 3419 PR
1146 3364 1194 3432 lpu
1207 3364 1317 3419 mechus
1329 3365 1359 3419 D
1374 3366 1387 3435 ss

260 3484 384 3554 habuerit
402 3500 482 3569 (corr.
502 3516 535 3555 m.
549 3502 569 3553 2
581 3504 613 3555 ut
624 3500 694 3567 reid.)
714 3501 742 3554 L
845 3500 876 3554 11
896 3501 1009 3570 occisus]
1028 3500 1164 3566 DPRDg
1182 3502 1239 3569 (sed
1256 3502 1279 3557 b
1294 3504 1327 3558 ia
1344 3520 1396 3575 mp.

258 3605 293 3659 ot.
317 3620 351 3658 m.
371 3604 435 3659 cdd.
460 3602 511 3671 R),
556 3602 912 3669 etoccisused.1542fb
952 3604 964 3674 ΙΙ
1004 3608 1045 3659 est
1062 3621 1112 3660 om.
1131 3605 1162 3659 D
1263 3606 1296 3660 12
1314 3606 1398 3677 lilios]

258 3707 364 3774 asaf
404 3706 476 3759 orsus
503 3706 546 3771 n,
591 3709 618 3760 et
644 3706 759 3761 orasse
794 3707 807 3777 p
845 3710 929 3762 soum
952 3693 975 3791 t
999 3710 1022 3774 (t
1044 3707 1171 3762 raanan
1193 3709 1226 3762 or
1249 3713 1273 3779 e
1301 3711 1330 3766 s

260 3812 291 3866 13
310 3810 456 3865 conmercia
474 3808 541 3866 PR·
561 3810 574 3881 ΙΙ
595 3810 888 3881 diuina-erubescant]
906 3810 1089 3865 dierubiscant
1106 3810 1137 3864 D
1156 3810 1169 3882 11
1188 3810 1274 3881 adque
1291 3814 1330 3867 P·

261 3932 293 3985 14
317 3948 383 3985 sana
406 3931 436 3985 D
464 3932 476 4003 [1
506 3930 538 3986 de
563 3930 758 4002 recordatione]
785 3930 1014 3987 reconcordationo
1037 3930 1066 3986 D
1182 3934 1216 3991 15
1239 3900 1311 3991 aelle
1335 3934 1363 3990 R

259 4034 366 4089 soliusti
385 4035 415 4088 D
511 4036 543 4089 16
562 4036 718 4107 [inracionis
735 4035 958 4103 sacramentum]·
972 4035 1117 4091 insanionis
1135 4042 1300 4095 sacramento
1318 4042 1399 4107 (qaae

259 4140 358 4195 iactast
376 4155 456 4197 coeo
473 4146 539 4196 aurat
557 4140 605 4195 sed
622 4147 653 4195 ct
670 4140 724 4210 lepr'
742 4141 832 4195 adbuc
845 4140 963 4209 poenicae)
981 4140 1010 4193 D
