2934 4975
212 318 276 384 328
536 317 637 374 Pauli
654 318 767 375 Orosii
784 319 1015 376 Historiarum

222 495 347 573 gestum
369 492 480 557 ferant.
511 492 566 557 sed
587 492 731 576 quamuis
753 492 853 559 isdem
875 498 964 577 gesta
986 493 1180 576 temporibus
1201 497 1353 580 perplexis

225 597 408 660 coaceruata
429 596 522 660 malis
545 597 727 675 exarserint,
753 614 843 661 ame
865 601 972 663 tamen
994 597 1175 680 speciatim,
1198 600 1258 665 etsi
1279 599 1353 666 bre·

194 697 322 776 enitor,
355 699 480 784 singule
508 697 713 780 proferentur.
749 699 885 778 Marius,
920 699 1009 765 Sulla
1039 701 1166 766 consule
1189 705 1222 767 et
1245 707 1354 769 contra

224 799 441 866 Mithridatem
463 802 496 866 in
519 801 631 867 Asiam
654 819 725 866 oum
749 802 888 868 exercitu
912 803 1107 887 profecturo,
1129 807 1161 869 iu
1183 804 1354 888 campania

224 906 330 968 tamen
363 904 491 985 propter
523 903 645 969 socialis
673 903 751 968 belli
772 902 922 987 reliquias
945 909 1149 984 consistente,
1184 907 1354 973 adfectauit
1376 931 1387 967 a

194 1008 393 1089 sseptimum
415 1006 613 1072 consulatum
636 1008 668 1071 et
691 1007 811 1074 bellum
828 1008 988 1089 suscipere
1003 1010 1265 1076 Mithridaticum.
1294 1027 1355 1094 quo

224 1109 315 1175 Sulla
349 1111 474 1194 cognito
510 1110 669 1192 inpatiens
705 1129 815 1176 reuera
847 1111 971 1175 iuuenis
1007 1111 1276 1195 intemperataque
1308 1111 1356 1177 ira

224 1215 360 1298 percitus
379 1232 450 1278 cum
467 1217 616 1296 quattuor
637 1212 812 1298 legionibus
828 1215 965 1295 primum
981 1217 1055 1280 aab
1075 1215 1190 1279 Vrbem
1205 1215 1354 1297 consedit,

224 1314 280 1381 nbi
304 1317 482 1385 Gratidium
506 1315 599 1380 Marii
632 1315 775 1398 legatum
804 1317 894 1399 qnasi
925 1317 1059 1400 primam
1088 1319 1255 1382 uictimam
1281 1318 1357 1383 belli

225 1419 328 1486 ciuilis
350 1417 474 1498 occidit,
497 1437 567 1484 mor
591 1417 707 1484 Vrbem
730 1437 803 1485 cnm
827 1421 962 1484 exercitu
985 1421 1113 1504 inrupit
1136 1420 1220 1485 iaces
1244 1421 1284 1486 ad
1306 1423 1390 1489 iu·1o

138 1580 161 1622 1„
177 1524 448 1610 „flammandam
482 1523 599 1588 Vrbem
635 1524 786 1606 poposcit.
826 1525 970 1589 omnibus
1006 1528 1095 1590 metu
1130 1525 1263 1600 abditis,
1301 1541 1356 1606 per

197 1627 353 1694 tsaoram
380 1627 466 1691 uiam
490 1625 551 1692 cito
574 1627 700 1710 agmine
717 1629 756 1691 in
779 1623 893 1691 iolrnm
917 1626 1015 1691 uenit.
1048 1626 1166 1693 Marius
1190 1644 1263 1692 cum
1286 1643 1355 1707 per·
1457 1639 1460 1644 ’

225 1749 353 1798 mouere
381 1729 593 1807 nobilitatem,
622 1729 819 1794 inflammare
848 1729 985 1810 plebem,
1017 1735 1195 1811 equestrem
1224 1731 1357 1812 deniquo

227 1835 366 1902 ordinem
403 1852 580 1916 perarmare
617 1833 770 1897 aduersus
805 1831 925 1897 Sullam
965 1832 1083 1896 frustra
1120 1835 1356 1913 adtemptasset‚

226 1943 382 2021 postremo
408 1937 509 2002 seroie
530 1955 584 2019 spe
605 1935 763 2000 libertatis
785 1938 818 1999 et
838 1937 972 2016 praedae
993 1935 1034 2000 ad
1056 1951 1144 2000 erma
1165 1929 1392 2015 sollicitatis„

227 2044 414 2126 nequiquam
438 2057 610 2124 repugnare
633 2056 741 2120 ausus,
771 2039 902 2103 tandem
924 2036 957 2102 in
980 2036 1173 2121 Capitolium
1194 2037 1357 2104 concessit.

227 2149 280 2211 sed
302 2163 375 2211 oum
397 2161 433 2210 eo
449 2143 597 2209 Sullanae
620 2140 762 2208 cohortos
783 2140 964 2220 irruissent,
988 2159 1106 2224 magua
1122 2158 1250 2208 suorum
1266 2140 1360 2206 caede

199 2249 367 2334 ediliugit.
401 2248 446 2312 ibi
473 2251 549 2310 tuuc
571 2244 726 2327 Sulpicius
748 2241 843 2308 Marii
872 2243 994 2327 collega
1015 2259 1106 2308 seruc
1128 2261 1184 2308 suo
1207 2245 1360 2327 prodente

228 2354 403 2434 prostratus
427 2353 491 2424 est;
519 2365 647 2412 seruum
668 2362 743 2410 uero
765 2345 879 2427 ipsum,
902 2346 985 2428 qnod
1009 2344 1131 2410 hostem
1152 2347 1358 2424 indicauerat¹

229 2453 420 2537 manumitti,
444 2453 525 2535 quod
547 2467 620 2516 nero
643 2450 804 2515 dominum
827 2448 1015 2532 prodiderat,
1038 2467 1111 2514 saro
1125 2449 1257 2531 Tarpeio
1279 2449 1394 2518 deiciso

200 2566 217 2619 '1
229 2558 370 2625 consules
413 2556 628 2621 decreuerunt.
677 2551 796 2619 Marius
839 2552 961 2639 fugiens
1004 2570 1076 2617 oum
1116 2556 1360 2635 persequentum

281 2798 297 2853 1
316 2795 406 2851 ferant
423 2796 464 2864 (ra
480 2796 512 2849 in
529 2796 596 2861 roe.)
614 2793 643 2848 R
677 2792 832 2847 relcrantb
859 2790 872 2862 ΙΙ
900 2789 1006 2844 hisdem
1025 2790 1135 2845 LPRD
1157 2788 1171 2860 ΙΙ
1193 2788 1360 2859 temporibus

228 2896 339 2965 gestan
438 2890 521 2959 iper
538 2888 649 2957 soogula
665 2886 696 2941 D
715 2885 728 2957 ΙΙ
750 2886 933 2955 fprotersutur
949 2883 1044 2952 (prior
1061 2884 1074 2937 1
1090 2884 1191 2949 aloto)
1210 2884 1269 2954 Pil
1290 2883 1361 2952 sylla

229 2986 340 3043 DPRD
376 2986 389 3058 ΙΙ
426 2987 547 3040 consulet
565 2986 658 3038 centn
679 2982 707 3035 L
753 2981 862 3034 consum
885 2982 945 3046 (oon
963 2994 998 3033 cc
1017 2980 1088 3046 oum)
1106 2981 1133 3032 et
1150 2981 1244 3032 eontra
1268 2978 1297 3031 P

228 3080 450 3139 dmithridutem
469 3082 576 3148 (mon
595 3080 652 3141 ·e”,
668 3076 777 3141 taen,
794 3091 834 3131 oa
851 3077 910 3138 -οῒ,
928 3071 1282 3139 inemendationem)
1300 3071 1328 3125 L

230 3177 396 3233 mitridatem
421 3174 475 3231 PR
520 3172 688 3230 metridatim
711 3170 742 3224 D
778 3168 791 3242 ΙΙ
828 3168 981 3238 profecturo
1004 3171 1087 3235 (rou
1104 3168 1141 3231 R)
1164 3182 1225 3221 cnm
1242 3166 1362 3221 exercitu

230 3271 287 3329 PR
388 3270 532 3327 bestialis
557 3267 594 3325 R'
622 3266 636 3337 ΙΙ
664 3265 855 3321 consistentem
873 3263 903 3318 D
932 3262 944 3333 ΙΙ
973 3262 1112 3317 affectauit
1129 3262 1182 3317 PR
1226 3258 1363 3315 effectauit

230 3366 261 3421 D
353 3362 584 3419 (imitridatioum
597 3366 669 3429 (oum
682 3358 827 3414 inruant.
841 3375 875 3412 m.
888 3358 926 3426 R)
946 3357 999 3412 PR
1033 3360 1116 3410 metr·
1134 3354 1165 3409 D
1259 3354 1363 3425 Vsylla

230 3459 343 3516 LPRD
366 3458 378 3531 ΙΙ
401 3458 544 3530 impatiens
563 3458 611 3524 (im
629 3456 662 3509 in
678 3470 743 3521 roe,
760 3461 774 3509 t
791 3468 825 3508 cc
842 3469 856 3507 o
874 3453 910 3507 cl.
927 3456 974 3517 m.)
992 3452 1020 3507 R
1042 3451 1055 3522 Ι]
1078 3451 1313 3535 intemperataque
1330 3450 1362 3514 (a

230 3554 354 3611 rodendo
371 3554 404 3608 in
421 3556 446 3621 e)
463 3553 492 3608 R
599 3551 617 3606 8
635 3549 752 3619 percitus
770 3552 808 3618 (pr
826 3548 845 3603 a'.
864 3565 885 3604 e.
903 3564 951 3617 per
968 3564 1003 3601 m.
1021 3551 1050 3610 1,
1067 3546 1150 3600 solut
1166 3561 1202 3598 aa.
1220 3546 1251 3602 2)
1269 3542 1298 3597 P

232 3642 264 3697 10
282 3640 382 3711 irrupit
399 3641 439 3698 3²
544 3638 577 3693 11
594 3640 667 3693 metu
679 3652 730 3691 om.
748 3634 777 3691 L
796 3635 808 3706 ΙΙ
828 3634 940 3705 abditis]
952 3632 1067 3687 addictis
1085 3632 1124 3690 R*
1229 3631 1262 3684 12
1279 3628 1364 3683 citato

231 3726 360 3793 R'Dfeb
400 3726 413 3797 ΙΙ
453 3726 552 3780 marius
579 3724 649 3795 cnm]
677 3724 835 3778 marioronm
861 3721 891 3776 D
1012 3720 1045 3774 13
1069 3724 1232 3789 sequestrem
1258 3718 1287 3774 B

232 3812 265 3867 14
282 3812 378 3883 syllam
396 3810 520 3869 LP²RD
553 3810 639 3881 yllam
662 3808 698 3867 P'
729 3810 741 3880 ΙΙ
769 3809 924 3879 temptassit
940 3806 970 3861 D
1072 3806 1106 3861 15
1124 3807 1243 3875 aernispe
1259 3804 1287 3859 L

232 3898 265 3954 16
283 3916 330 3954 nec
348 3897 413 3968 quid
431 3914 512 3968 quam
529 3897 560 3952 D
582 3898 595 3970 ll
616 3912 737 3969 pugnare
754 3896 809 3951 PR
838 3896 850 3966 ΙΙ
879 3892 1051 3963 caepitolium
1070 3896 1094 3954 (o
1111 3894 1202 3948 abero
1219 3891 1283 3958 del.)
1302 3888 1330 3944 P

231 3984 390 4054 capitulium
407 3985 437 4040 D
539 3984 572 4039 ll
591 3984 633 4054 eo]
652 3984 679 4038 in
699 3999 758 4037 eum
776 3980 816 4037 R¹
844 3982 857 4053 ΙΙ
885 3980 1006 4050 syllanae
1029 3978 1123 4036 ΒΡΒ1
1164 3976 1330 4047 synnusia*

230 4069 326 4125 sillano
343 4068 374 4125 D
410 4070 422 4142 ΙΙ
460 4071 602 4126 irruissent
620 4070 659 4125 12²
695 4069 709 4140 ΙΙ
745 4068 865 4137 suorum]
883 4070 994 4120 seruorn
1013 4062 1365 4133 (crassimembre.)

236 4157 344 4226 lm
360 4158 389 4213 R
492 4157 525 4211 18
546 4154 672 4225 solpioius
688 4154 719 4208 D
820 4152 856 4206 ae
873 4151 999 4221 proderat
1016 4151 1046 4206 D
1084 4150 1097 4221 ΙΙ
1132 4156 1203 4220 turp.
1221 4148 1301 4218 deici]
1320 4153 1365 4203 tur

233 4242 325 4312 podeoi
342 4243 372 4298 D
474 4243 507 4299 21
526 4243 632 4313 fugiens
650 4256 685 4297 cro
703 4254 773 4296 corr.
793 4236 857 4295 odd.
874 4254 909 4293 m.
925 4243 941 4292 1
959 4237 987 4293 P
1006 4238 1021 4308 ΙΙ
1043 4238 1258 4308 persequentium
1275 4234 1331 4291 PR
