2934 4975
278 346 392 393 xxvlu

1455 497 1462 541 n

1459 603 1462 648 r

1459 695 1462 754 1

275 516 400 599 qualem
432 533 495 580 una
527 532 598 580 cum
630 512 767 580 fontium
800 514 982 583 definitione
1012 533 1135 581 summo
1168 515 1318 583 desiderio
1351 537 1407 583 er·

274 623 452 703 spectamus
474 635 494 683 a
515 618 673 685 Theodoro
695 616 898 686 Mommseno.
927 637 1011 685 nuuc
1032 619 1158 702 quidem
1180 618 1408 686 difficillimam

275 740 367 806 saepe
384 722 434 787 est
445 722 630 805 discernere,
653 722 763 787 utrum
777 721 936 789 chronista
950 720 1095 788 Orosium
1110 720 1288 788 adhibucrIt
1301 721 1408 808 ipsum

276 842 319 891 an
341 826 407 890 eius
422 824 630 909 expilatorem
651 842 693 889 su
715 823 850 907 denique
864 825 1000 889 cundem
1016 843 1108 908 quern
1119 824 1248 891 Orosius
1269 824 1406 902 tontcm3

277 932 371 1011 quare
399 928 487 995 nohis
509 926 543 991 iu
566 927 616 991 his
645 925 812 992 adimendis
839 927 887 993 ita
914 928 1102 992 ucreandum
1130 946 1196 995 esse
1218 928 1322 993 uisum
1346 931 1407 1007 eat,
1459 921 1462 966 i

276 1033 314 1097 ut
336 1047 387 1096 eos
408 1031 503 1109 locos,
526 1029 580 1113 qui
601 1030 679 1113 ipsis
700 1028 809 1095 uerbis
827 1048 901 1096 cum
913 1028 1074 1097 Orosiame
1096 1032 1307 1113 consentiunt
1329 1049 1409 1098 eno-

277 1138 426 1213 daremus,
461 1133 636 1200 ceterorum
658 1150 720 1214 eos,
755 1150 831 1217 quos
851 1128 1023 1200 uerisimile
1045 1139 1092 1200 eet
1114 1152 1153 1201 eri
1169 1134 1282 1202 Orosio
1299 1137 1409 1202 eiusce
1460 1135 1462 1176 1

277 1236 361 1302 tonte
385 1226 643 1303 esse'deriuatos.
676 1238 715 1303 de
728 1236 873 1321 Prosperi
895 1230 1101 1304 chronioiasd
1116 1256 1144 1304 a.
1158 1237 1226 1308 488
1244 1238 1409 1324 parductis
1459 1241 1462 1284 l

277 1340 451 1424 disputarit
477 1338 746 1427 Helian-Qec,
776 1340 881 1407 Neues
909 1341 1031 1407 Arabio
1052 1343 1068 1407 Ι
1090 1341 1204 1426 (1878)
1229 1362 1259 1427 p.
1284 1343 1324 1409 87
1348 1362 1409 1427 eq„
1460 1365 1461 1388 ¹

277 1443 317 1508 de
336 1443 402 1509 eius
425 1442 649 1527 interpolatore
669 1462 701 1528 p.
724 1441 765 1510 81
783 1462 866 1528 sqq..
896 1447 935 1511 de
954 1444 1140 1511 Marcellino
1169 1443 1297 1513 Oomite
1314 1447 1355 1524 (is
1376 1464 1409 1513 a.
1459 1453 1462 1494 ¹

276 1546 341 1615 848
368 1548 425 1612 aut
456 1546 562 1629 paullo
590 1550 659 1630 post
692 1546 832 1630 scripsit)
861 1546 935 1615 ibid.
963 1547 996 1612 ΙΙ
1019 1546 1131 1633 (1878)
1156 1569 1188 1633 p.
1207 1543 1253 1616 49
1274 1567 1342 1633 sqq.
1368 1584 1411 1605 ·-·
1460 1559 1461 1600 l

278 1651 316 1716 de
340 1650 461 1717 Isidoro
484 1654 516 1717 et
538 1652 625 1717 Beda
647 1650 718 1715 uide
741 1649 833 1716 intra.
1459 1663 1462 1706 t

319 1752 356 1819 In
379 1753 579 1837 excerptis
602 1752 833 1819 ValesianIs
849 1750 873 1837 ¹)
897 1752 1053 1837 prioribus
1077 1757 1111 1838 (5
1131 1754 1185 1822 ao
1205 1756 1258 1823 88.
1280 1753 1331 1823 38.
1354 1758 1411 1823 84.

278 1858 333 1941 88)
360 1857 513 1924 Orosiana
535 1857 688 1940 quaedam
710 1857 830 1940 insunt,
852 1857 885 1923 id
907 1859 989 1940 quod
1010 1858 1086 1924 clim
1108 1856 1233 1925 uiderat
1253 1858 1412 1926 Henricus
1460 1873 1462 1916 1

279 1960 424 2027 Valesius
452 1978 550 2045 nequo
578 1962 662 2027 recto
689 1977 789 2043 nuper
826 1962 957 2046 negauit
983 1962 1024 2028 Η.
1054 1962 1215 2040 latericio,
1245 1962 1292 2028 Dc
1320 1962 1412 2028 uitae

279 2065 475 2131 Hadrianeae
495 2064 707 2148 scriptoribus.
730 2066 802 2132 Hal.
827 2066 912 2131 1878
932 2086 963 2150 p.
986 2065 1038 2131 49.

238 2184 269 2251 a
321 2184 371 2251 Id
395 2185 715 2267 Descriptionem
746 2186 871 2252 totius
892 2186 997 2251 orbis
1016 2184 1222 2267 tripertiti
1244 2204 1280 2250 ex
1302 2184 1413 2252 Orosii
1460 2193 1462 2234 ¹

278 2288 328 2355 1.1
344 2306 410 2372 cap.
424 2288 445 2353 2
459 2289 566 2373 paucis
582 2287 715 2355 mutatis
728 2286 903 2371 additisque
914 2286 1077 2371 repetitam
1093 2287 1242 2371 adscripsi
1259 2288 1413 2355 lectiones
1460 2279 1461 2330 ³

278 2393 416 2477 integras
444 2390 559 2459 codicis
588 2390 838 2459 vindobonensis
866 2392 924 2459 181
955 2411 980 2456 s.
1011 2390 1092 2456 vm
1123 2391 1194 2473 (a),
1224 2410 1300 2475 quas
1329 2392 1412 2459 mihi

279 2497 420 2564 onotauit
442 2495 569 2563 Carolus
588 2493 713 2582 Kapian
736 2515 763 2561 a.
788 2497 885 2576 1875,
917 2495 1097 2581 recognocit
1125 2495 1237 2562 deinde
1266 2495 1319 2561 hic
1340 2495 1412 2565 illic

281 2601 439 2666 ilenricus
462 2599 654 2687 Sedlmayer.
677 2619 749 2667 mox
770 2600 857 2667 edita
877 2602 953 2666 hacc
967 2597 1211 2683 (loamograpbia
1233 2600 1283 2665 est
1301 2599 1341 2666 ab
1358 2602 1414 2667 Al.

280 2704 385 2771 Itiesio
413 2705 448 2769 in
471 2701 584 2790 Geogr.
614 2703 691 2770 min.
719 2703 829 2787 (1878)
858 2722 888 2787 p.
918 2701 1069 2770 90-103
1096 2720 1132 2768 ex
1159 2706 1267 2770 eodem
1289 2701 1415 2770 deo·

279 2807 408 2875 bonensi
434 2811 465 2873 st
490 2807 557 2891 (qui
580 2808 703 2873 saeculo
726 2805 756 2871 X
778 2805 927 2872 tribuitur
949 2825 967 2873 a
989 2803 1328 2888 Rimio)baurentituo.

320 2926 597 2995 Cassiodorius
620 2928 786 2994 Senator
808 2925 854 2993 Dc
883 2927 1082 2994 institutione
1111 2925 1291 2994 diuinarum
1321 2928 1416 2992 litto-

279 3047 384 3096 rarum
402 3031 441 3096 17
461 3021 543 3097 inter
558 3029 636 3098 alios
652 3031 815 3097 historicos
838 3030 1030 3097 Christianos
1046 3030 1189 3096 Orosium
1211 3031 1417 3097 commenda-

279 3135 327 3199 uit
334 3159 342 3212 ;
365 3132 405 3201 ad
427 3135 523 3201 libros
545 3132 610 3200 XII
633 3154 709 3219 quos
732 3135 778 3201 De
801 3135 918 3222 origine
944 3136 1127 3221 actibusque
1157 3132 1309 3201 Getarum
1332 3135 1415 3200 sori·

279 3233 388 3322 psit')‚
406 3235 548 3305 Orosium
565 3237 723 3304 adhibuit:
740 3239 892 3322 quaedam
907 3238 979 3304 inde
992 3243 1136 3322 excerpta
1150 3235 1233 3322 apud
1248 3236 1416 3303 Iordanem

279 3339 439 3418 babemus,
463 3343 548 3407 aliud
580 3361 616 3408 ex
646 3361 704 3407 sua
727 3343 791 3427 ipse
808 3341 944 3409 historia
971 3342 1064 3408 aiiert
1086 3340 1254 3408 Variarum
1276 3341 1339 3408 XII
1368 3341 1418 3410 20

281 3442 329 3522 (ci.
355 3441 441 3511 Oros.
469 3440 531 3509 VII
554 3445 596 3510 39
618 3444 636 3529 8
659 3445 770 3527 3-6).

321 3564 532 3632 Iordanem
555 3565 589 3632 iu
612 3565 730 3633 Geticis
753 3565 858 3651 ipsum
872 3567 975 3632 Orosio
997 3586 1089 3632 usum
1111 3585 1180 3632 esse
1204 3565 1248 3648 (id
1270 3565 1351 3650 quod
1374 3569 1416 3632 de

279 3668 428 3734 Romanis
451 3671 585 3752 constat)
618 3671 814 3755 negauerunt
842 3670 932 3736 uelut
953 3669 1097 3764 Sohirren
1120 3672 1151 3735 et
1173 3665 1351 3752 Bessell³),
1380 3671 1415 3736 at

382 3879 401 3940 ¹>
421 3874 462 3932 eu.
480 3873 515 3928 au
533 3873 739 3932 marianeno
756 3878 818 3946 root
831 3875 1005 3930 nmmum
1018 3872 1101 3943 (usp.
1115 3873 1193 3938 ¹⁸²5)
1211 3873 1241 3928 Π
1253 3889 1277 3962 l·
1292 3873 1416 3944 ²⁸⁰⁸ii·

383 3980 403 4046 ²)
422 3978 463 4033 Iis
480 3976 632 4034 Gothorum
648 3979 792 4036 historiam
809 3979 934 4048 perduxit
951 3979 985 4032 ad
1001 3981 1109 4045 tempus
1126 3976 1199 4033 iuter
1216 3991 1301 4032 annos
1317 3977 1370 4032 tls
1386 3981 1418 4032 et

278 4064 327 4118 571
347 4065 485 4133 positum:
499 4064 610 4132 Vaencr,
629 4065 778 4122 anecdotos
795 4065 907 4120 Holdari
925 4064 1001 4134 lips.
1019 4063 1085 4117 1877
1104 4077 1129 4132 p.
1148 4062 1206 4134 74.Ι

382 4169 403 4235 ³)
421 4167 561 4232 SohIrren.
587 4167 620 4224 de
636 4169 742 4224 ratIone
759 4184 786 4238 q.
804 4168 876 4223 intur
893 4169 915 4222 I.
932 4169 961 4222 ct
978 4165 1097 4222 medad
1115 4163 1273 4220 intercedat
1297 4166 1417 4234 norpari

280 4255 360 4321 1858;
379 4255 482 4311 Bossell
499 4255 528 4310 in
542 4254 646 4310 Erechii
665 4259 693 4309 et
710 4255 824 4311 Gruhcri
842 4255 906 4310 Idne.
919 4271 941 4310 s.
955 4271 982 4310 u.
998 4253 1108 4318 Gothos
1127 4252 1195 4308 1882
1212 4266 1240 4321 p.
1255 4252 1305 4307 106
1323 4252 1374 4307 coh
1388 4253 1416 4308 8.
