2934 4975
523 352 677 423 oapItnla
699 350 758 408 lib.
776 350 798 404 1.
1162 353 1224 419 567

189 526 376 602 plurimarum
399 527 527 601 gentium
549 529 642 602 gestis
664 543 699 586 ao
719 542 830 600 regum,
853 541 973 599 qnorum
995 527 1101 588 enrsim
1116 528 1216 589 habita

189 632 283 691 solnm
309 631 460 692 nominum
485 631 629 694 mentIoue
656 630 775 704 longum
804 629 900 690 meum
929 629 1102 703 singillatim
1137 631 1215 693 beta

188 736 309 797 discribi
341 753 375 797 eo
409 737 485 810 quod
517 736 618 798 multis
652 734 808 798 familiaria
842 737 872 796 et
906 737 974 794 nota
1002 734 1064 795 sint
1098 734 1212 796 fabulis.

189 836 417 915 [legalius]

62 943 196 1005 sXVIlI.
219 943 262 1003 De
277 940 501 1003 Atheniensium
515 939 590 1001 bello
605 941 635 1000 et
650 940 685 1000 de
695 940 869 1012 Minotauro,
882 937 929 998 oui
942 936 1095 1000 cretenses
1109 955 1213 998 uman-

188 1047 241 1107 dos
261 1043 484 1106 Atheniensium
504 1043 647 1107 nobilium
667 1043 742 1107 huns
765 1041 947 1103 aoniaenant.
972 1043 1026 1116 [13
1044 1049 1059 1109 e
1076 1043 1104 1116 1]

83 1150 211 1211 XVIIII.
235 1149 278 1210 lle
300 1148 455 1210 mrinmine
477 1147 667 1222 Lapitharum
687 1148 718 1208 ot
740 1145 954 1206 Thessalorum.
981 1145 1035 1221 [13
1051 1153 1066 1214 g
1081 1145 1112 1220 n]

104 1254 166 1312 XX
190 1255 232 1313 De
254 1269 323 1327 rege
337 1252 464 1327 Aegypti
480 1251 596 1324 Veeone,
619 1251 670 1326 qai
692 1250 814 1325 Soyihas
836 1251 961 1324 primum
983 1251 1015 1310 in
1038 1250 1115 1310 bella
1137 1265 1212 1309 oom-

186 1358 277 1417 mouit
306 1358 336 1416 et
364 1355 401 1414 ab
430 1354 538 1416 eisdem
568 1355 664 1415 uirtus
691 1352 804 1426 mingit
826 1353 856 1412 in
878 1369 1016 1427 reguum:
1052 1352 1212 1426 exquibus

50 1475 74 1516 to
186 1463 257 1521 eunt
279 1458 440 1520 Amasenus
461 1457 637 1529 belletrinee,
658 1471 732 1531 quas
754 1455 893 1518 Heroulee
916 1457 1020 1530 postea
1044 1458 1210 1531 superauit:

186 1579 259 1638 qnae
280 1563 414 1636 Europae
437 1563 468 1622 et
482 1561 573 1622 Asiae
594 1577 629 1621 er
650 1562 734 1635 parte
753 1560 853 1633 aliqua
867 1558 1049 1622 dominantes
1064 1560 1211 1636 Iiphesmn

190 1667 334 1740 simulque
355 1665 444 1726 urbes
464 1664 539 1727 aliae
560 1663 757 1727 mndidmunt.
782 1663 838 1738 [14
852 1669 868 1732 g
883 1664 912 1736 1]
1132 1727 1135 1736 ,
1175 1729 1177 1734 ,

88 1770 166 1831 XXI.
189 1771 233 1830 De
254 1770 342 1843 raptu
355 1768 482 1830 Helenae
496 1770 528 1830 et
548 1767 701 1830 obsidione
715 1765 867 1828 decennali
882 1765 984 1829 ureiae
1000 1768 1087 1840 atque
1100 1766 1209 1828 ereidio

184 1874 338 1934 subsecuto
361 1871 504 1946 simulque
525 1873 643 1932 Annene
664 1871 695 1932 in
717 1870 836 1932 ltaliam
857 1869 1000 1944 ingressu.
1024 1867 1079 1945 [17
1095 1877 1111 1940 a
1127 1871 1156 1944 1]

49 1975 174 2039 am
196 1976 240 2036 De
262 1975 462 2051 Sardanapalli
489 1977 568 2050 regis
590 1975 780 2050 Assyriorum
801 1973 902 2048 prauIs
924 1973 1060 2045 moribus,
1083 1975 1114 2034 et
1136 1977 1210 2048 qnod

184 2079 319 2140 damnato
346 2079 399 2140 illo
428 2095 526 2140 eorum
552 2094 676 2152 regnum
702 2077 828 2152 primurn
850 2073 1025 2138 comessarit
1044 2075 1079 2138 iu
1100 2077 1209 2147 Medos,

182 2184 286 2257 postea
305 2182 338 2242 in
358 2182 483 2258 Seythas
495 2182 727 2256 ¹Ohaldaebetpue
742 2180 921 2256 peruenerit.
946 2180 1002 2255 [19
1017 2189 1033 2250 g
1048 2180 1077 2254 1]

80 2286 190 2346 XXIII.
213 2286 255 2346 De
277 2287 394 2346 Fraorta
421 2303 490 2361 rege
517 2287 665 2346 Medorum
694 2287 725 2346 et
750 2284 850 2348 Dioole
878 2301 1040 2346 suoooesore
1063 2285 1141 2356 eine,
1165 2285 1210 2344 eui

181 2390 328 2464 Astyages
349 2391 414 2466 pari
437 2391 521 2451 modo
543 2390 687 2452 suooessit
706 2391 739 2450 in
763 2403 895 2463 reguum.
923 2389 978 2463 [19
994 2397 1010 2458 g
1024 2389 1054 2462 4]

46 2492 205 2552 seXXIllI.
228 2494 273 2553 De
299 2494 372 2569 cyro
401 2510 472 2569 rege
492 2495 654 2565 Persarum,
683 2496 734 2569 qui
761 2511 815 2557 auo
841 2510 893 2555 suo
915 2493 1039 2569 Astyagi
1066 2496 1211 2556 aeramen

183 2596 299 2670 indixit,
321 2615 377 2672 qno
399 2598 477 2658 uiato
506 2598 592 2671 regni
620 2614 732 2659 summa
761 2596 872 2673 potitos
901 2596 950 2671 sit,
973 2600 1004 2658 et
1018 2596 1103 2671 „quod
1123 2597 1209 2656 huius

179 2700 362 2774 temporibus
381 2700 517 2763 Phalaris
539 2700 653 2761 Sinnius
681 2702 798 2775 arrepta
825 2699 979 2775 tyrannide
1000 2698 1208 2774 Agrigentinos

182 2803 314 2877 grauiter
335 2803 491 2877 populatus
511 2806 566 2868 eet.
590 2803 787 2879 [199119]

77 2904 167 2966 XXV.
190 2905 234 2965 De
247 2906 384 2967 Aremulo
397 2906 566 2967 Latinorum
587 2921 655 2980 rege
679 2923 714 2968 ao
733 2905 856 2980 flagitiis
877 2905 981 2981 ipsius,
1005 2906 1035 2966 et
1053 2906 1128 2979 qnod
1151 2905 1207 2965 ful·

46 3023 69 3064 as
180 3009 257 3068 mine
279 3009 354 3070 intus
377 3009 499 3070 numme
523 3010 580 3085 [20
593 3017 610 3077 A
624 3010 654 3083 5]

77 3111 182 3174 XXVI.
199 3112 244 3172 De
257 3113 332 3173 bello
346 3114 586 3188 Peloponensium
599 3114 631 3174 et
644 3112 871 3175 Atheniensium
885 3113 978 3189 guam,
994 3113 1106 3187 quando
1121 3110 1207 3175 etiam

181 3214 281 3275 Asiam
292 3216 575 3291 Amazonumgantis
585 3216 729 3277 armoinus
741 3217 791 3277 din
802 3214 916 3291 lateque
926 3218 1064 3279 naemuit.
1082 3215 1204 3290 [2151]

77 3316 198 3379 XXVII.
221 3318 265 3380 De
285 3319 575 3381 hanedaemoniorunn
588 3321 619 3381 et
633 3321 838 3381 Messeniorum
861 3320 946 3391 hello,
968 3321 1044 3395 quod
1067 3320 1205 3382 adhibitis

179 3422 410 3485 Atheniensibus
425 3426 455 3484 et
469 3425 722 3499 Peloponensibns
745 3424 803 3486 sihi
826 3424 913 3487 sonim
934 3442 985 3499 per
1002 3440 1093 3486 annos
1108 3422 1205 3498 plures

44 3538 69 3577 ³⁰
178 3542 271 3599 usqne
300 3528 336 3587 ad
366 3527 587 3589 internicionem
615 3545 705 3605 prope
734 3528 900 3604 inexplebili
922 3528 1017 3588 furore
1039 3530 1204 3603 gesserunt.

180 3630 233 3704 [21
250 3631 311 3704 tn]

124 3826 230 3880 billius
311 3827 499 3884 10smannnos
517 3830 531 3900 n
550 3830 661 3886 hirenlis
746 3832 777 3886 11
795 3846 892 3900 erupae
903 3832 932 3885 et
943 3833 1001 3886 aeis
1081 3833 1114 3887 13
1127 3833 1205 3901 rapto

75 3910 159 3966 alinae
180 3912 194 3982 ΙΙ
213 3912 331 3968 dseanali
426 3916 460 3972 15
476 3919 586 3972 amnena
602 3918 670 3985 pelli
692 3918 705 3988 ΙΙ
728 3916 883 3973 austriorum
980 3919 1013 3973 16
1031 3917 1160 3973 defuneto
1181 3919 1193 3988 ΙΙ

75 3998 206 4052 eonooesit
301 4000 334 4054 18
350 4001 490 4056 mederum
509 4003 523 4072 11
542 4018 719 4057 euoemsorenn
817 4004 850 4058 19
867 4006 988 4075 amangus
1083 4006 1118 4060 99
1135 4006 1202 4059 asti·

74 4086 118 4153 agi
222 4086 258 4139 99
279 4086 373 4143 ialnrh
390 4090 491 4144 menius
592 4091 628 4144 24
649 4091 754 4146 munnio
778 4093 791 4163 ΙΙ
812 4092 924 4161 degibus
1027 4093 1062 4147 26
1087 4092 1202 4146 atthini·

73 4170 178 4225 ensinm
275 4172 310 4227 28
326 4175 360 4228 ia
379 4175 475 4231 Oresio
491 4176 552 4246 ipen
567 4175 607 4232 s'r'o
623 4190 697 4240 m
716 4179 729 4248 ΙΙ
747 4178 801 4234 laei
819 4179 999 4235 demoniorum
1097 4176 1132 4231 29
1148 4178 1204 4246 pile

74 4256 233 4323 papensibus
336 4260 372 4317 30
388 4262 590 4319 internitionem
613 4264 627 4335 ΙΙ
647 4265 807 4334 inexplebile
1198 4262 1200 4267 ’
