<?xml version="1.0" encoding="UTF-8"?>
<!DOCTYPE html PUBLIC "-//W3C//DTD XHTML 1.0 Transitional//EN"
    "http://www.w3.org/TR/xhtml1/DTD/xhtml1-transitional.dtd">
<html xmlns="http://www.w3.org/1999/xhtml" xml:lang="en" lang="en">
 <head>
  <title>
</title>
<meta http-equiv="Content-Type" content="text/html;charset=utf-8" />
  <meta name='ocr-system' content='tesseract 3.04.00' />
  <meta name='ocr-capabilities' content='ocr_page ocr_carea ocr_par ocr_line ocrx_word'/>
</head>
<body>
  <div class='ocr_page' id='page_1' title='image "./corpusscriptoru18wissgoog/corpusscriptoru18wissgoog_0727.png"; bbox 0 0 2934 4975; ppageno 0'>
   <div class='ocr_carea' id='block_1_1' title="bbox 411 368 1198 456">
    <p class='ocr_par' dir='ltr' id='par_1_1' title="bbox 411 368 1198 456">
     <span class='ocr_line' id='line_1_1' title="bbox 411 368 1198 456; baseline 0.006 -15"><span class='ocrx_word' id='word_1_1' title='bbox 411 388 515 442; x_wconf 83' lang='lat' dir='ltr'>hiber</span> <span class='ocrx_word' id='word_1_2' title='bbox 536 368 776 456; x_wconf 52' lang='lat' dir='ltr'>apolopeticus</span> <span class='ocrx_word' id='word_1_3' title='bbox 805 384 851 441; x_wconf 85' lang='lat'>11.</span> <span class='ocrx_word' id='word_1_4' title='bbox 1135 384 1198 451; x_wconf 77' lang='lat'>619</span> 
     </span>
    </p>
   </div>
   <div class='ocr_carea' id='block_1_2' title="bbox 20 556 1274 2603">
    <p class='ocr_par' dir='ltr' id='par_1_2' title="bbox 20 556 1274 2603">
     <span class='ocr_line' id='line_1_2' title="bbox 52 556 1188 643; baseline -0.006 -15"><span class='ocrx_word' id='word_1_5' title='bbox 52 561 379 640; x_wconf 72' lang='lat' dir='ltr'>hocconsentire,</span> <span class='ocrx_word' id='word_1_6' title='bbox 394 560 429 626; x_wconf 92' lang='lat' dir='ltr'>si</span> <span class='ocrx_word' id='word_1_7' title='bbox 444 560 560 642; x_wconf 86' lang='lat' dir='ltr'>uelit;</span> <span class='ocrx_word' id='word_1_8' title='bbox 574 556 1188 643; x_wconf 70' lang='lat' dir='ltr'>otqueunadmodumbeetiseimuepater</span> 
     </span>
     <span class='ocr_line' id='line_1_3' title="bbox 52 657 1188 750; baseline -0.007 -17"><span class='ocrx_word' id='word_1_9' title='bbox 52 668 265 750; x_wconf 75' lang='lat' dir='ltr'><strong>Hieronymus</strong></span> <span class='ocrx_word' id='word_1_10' title='bbox 280 667 319 729; x_wconf 85' lang='lat' dir='ltr'>de</span> <span class='ocrx_word' id='word_1_11' title='bbox 333 665 393 729; x_wconf 89' lang='lat' dir='ltr'>hao</span> <span class='ocrx_word' id='word_1_12' title='bbox 409 665 518 729; x_wconf 85' lang='lat' dir='ltr'>eudem</span> <span class='ocrx_word' id='word_1_13' title='bbox 532 662 690 727; x_wconf 89' lang='lat' dir='ltr'>sententia</span> <span class='ocrx_word' id='word_1_14' title='bbox 704 662 739 726; x_wconf 91' lang='lat' dir='ltr'>in</span> <span class='ocrx_word' id='word_1_15' title='bbox 755 660 898 744; x_wconf 80' lang='lat' dir='ltr'>epistula,</span> <span class='ocrx_word' id='word_1_16' title='bbox 916 679 1011 744; x_wconf 86' lang='lat' dir='ltr'>quam</span> <span class='ocrx_word' id='word_1_17' title='bbox 1026 659 1066 725; x_wconf 81' lang='lat' dir='ltr'>ad</span> <span class='ocrx_word' id='word_1_18' title='bbox 1085 657 1188 726; x_wconf 79' lang='lat' dir='ltr'>ctesi-</span> 
     </span>
     <span class='ocr_line' id='line_1_4' title="bbox 51 764 1274 864; baseline -0.005 -30"><span class='ocrx_word' id='word_1_19' title='bbox 51 769 202 853; x_wconf 88' lang='lat' dir='ltr'>phontem</span> <span class='ocrx_word' id='word_1_20' title='bbox 223 767 362 852; x_wconf 87' lang='lat' dir='ltr'>scripsit,</span> <span class='ocrx_word' id='word_1_21' title='bbox 384 768 534 851; x_wconf 78' lang='lat' dir='ltr'><strong>exposuit,</strong></span> <span class='ocrx_word' id='word_1_22' title='bbox 556 765 727 833; x_wconf 87' lang='lat' dir='ltr'>nouissime</span> <span class='ocrx_word' id='word_1_23' title='bbox 742 768 829 848; x_wconf 86' lang='lat' dir='ltr'>quasi</span> <span class='ocrx_word' id='word_1_24' title='bbox 845 786 862 829; x_wconf 90' lang='lat' dir='ltr'>e</span> <span class='ocrx_word' id='word_1_25' title='bbox 876 764 1063 851; x_wconf 45' lang='lat' dir='ltr'>&amp;autumo</span> <span class='ocrx_word' id='word_1_26' title='bbox 1079 781 1187 829; x_wconf 91' lang='lat' dir='ltr'>somno</span> <span class='ocrx_word' id='word_1_27' title='bbox 1196 824 1218 864; x_wconf 78' lang='lat' dir='ltr'>r.</span> <span class='ocrx_word' id='word_1_28' title='bbox 1234 814 1274 856; x_wconf 51' lang='grc' dir='ltr'><strong><em>Μ</em></strong></span> 
     </span>
     <span class='ocr_line' id='line_1_5' title="bbox 52 866 1215 957; baseline -0.009 -18"><span class='ocrx_word' id='word_1_29' title='bbox 52 889 272 957; x_wconf 77' lang='lat' dir='ltr'>expergescere</span> <span class='ocrx_word' id='word_1_30' title='bbox 294 870 407 936; x_wconf 70' lang='lat' dir='ltr'>etich:</span> <span class='ocrx_word' id='word_1_31' title='bbox 429 887 503 935; x_wconf 93' lang='lat' dir='ltr'>non</span> <span class='ocrx_word' id='word_1_32' title='bbox 524 870 609 935; x_wconf 89' lang='lat' dir='ltr'>sine</span> <span class='ocrx_word' id='word_1_33' title='bbox 631 866 850 934; x_wconf 86' lang='lat' dir='ltr'>ad¹iutouio</span> <span class='ocrx_word' id='word_1_34' title='bbox 872 868 950 934; x_wconf 89' lang='lat' dir='ltr'>Dei.</span> <span class='ocrx_word' id='word_1_35' title='bbox 980 869 1013 933; x_wconf 94' lang='lat' dir='ltr'>in</span> <span class='ocrx_word' id='word_1_36' title='bbox 1028 867 1087 933; x_wconf 92' lang='lat' dir='ltr'>hoo</span> <span class='ocrx_word' id='word_1_37' title='bbox 1102 866 1215 932; x_wconf 81' lang='lat' dir='ltr'>enime</span> 
     </span>
     <span class='ocr_line' id='line_1_6' title="bbox 30 969 1188 1060; baseline -0.003 -23"><span class='ocrx_word' id='word_1_38' title='bbox 30 976 208 1060; x_wconf 72' lang='lat' dir='ltr'>srepngnat</span> <span class='ocrx_word' id='word_1_39' title='bbox 236 972 295 1037; x_wconf 92' lang='lat' dir='ltr'>tibi</span> <span class='ocrx_word' id='word_1_40' title='bbox 325 972 394 1055; x_wconf 86' lang='lat' dir='ltr'>ipsa</span> <span class='ocrx_word' id='word_1_41' title='bbox 418 972 537 1039; x_wconf 84' lang='lat' dir='ltr'>ueritas</span> <span class='ocrx_word' id='word_1_42' title='bbox 560 974 594 1037; x_wconf 88' lang='lat' dir='ltr'>et</span> <span class='ocrx_word' id='word_1_43' title='bbox 614 971 778 1038; x_wconf 59' lang='lat' dir='ltr'>reolamm.</span> <span class='ocrx_word' id='word_1_44' title='bbox 816 971 892 1055; x_wconf 85' lang='lat' dir='ltr'>quid</span> <span class='ocrx_word' id='word_1_45' title='bbox 913 990 968 1054; x_wconf 90' lang='lat' dir='ltr'>per</span> <span class='ocrx_word' id='word_1_46' title='bbox 989 969 1188 1036; x_wconf 85' lang='lat' dir='ltr'>fastidiosum</span> 
     </span>
     <span class='ocr_line' id='line_1_7' title="bbox 50 1071 1188 1159; baseline -0.006 -15"><span class='ocrx_word' id='word_1_47' title='bbox 50 1082 212 1144; x_wconf 88' lang='lat' dir='ltr'>tumorem</span> <span class='ocrx_word' id='word_1_48' title='bbox 231 1076 492 1159; x_wconf 86' lang='lat' dir='ltr'>nausiantemque</span> <span class='ocrx_word' id='word_1_49' title='bbox 515 1074 736 1141; x_wconf 84' lang='lat' dir='ltr'>uerecundiam</span> <span class='ocrx_word' id='word_1_50' title='bbox 757 1092 820 1143; x_wconf 93' lang='lat' dir='ltr'>non</span> <span class='ocrx_word' id='word_1_51' title='bbox 842 1074 1054 1141; x_wconf 85' lang='lat' dir='ltr'>necessarium</span> <span class='ocrx_word' id='word_1_52' title='bbox 1072 1073 1132 1139; x_wconf 92' lang='lat' dir='ltr'>tihi</span> <span class='ocrx_word' id='word_1_53' title='bbox 1153 1071 1188 1137; x_wconf 91' lang='lat' dir='ltr'>in</span> 
     </span>
     <span class='ocr_line' id='line_1_8' title="bbox 52 1175 1187 1262; baseline -0.005 -15"><span class='ocrx_word' id='word_1_54' title='bbox 52 1201 106 1247; x_wconf 91' lang='lat' dir='ltr'>ore</span> <span class='ocrx_word' id='word_1_55' title='bbox 139 1184 194 1247; x_wconf 90' lang='lat' dir='ltr'>tuo</span> <span class='ocrx_word' id='word_1_56' title='bbox 226 1179 420 1247; x_wconf 84' lang='lat' dir='ltr'>adiutorium</span> <span class='ocrx_word' id='word_1_57' title='bbox 440 1179 501 1245; x_wconf 88' lang='lat' dir='ltr'>Dei</span> <span class='ocrx_word' id='word_1_58' title='bbox 534 1180 671 1257; x_wconf 84' lang='lat' dir='ltr'>detines,</span> <span class='ocrx_word' id='word_1_59' title='bbox 705 1178 761 1262; x_wconf 84' lang='lat' dir='ltr'>qui</span> <span class='ocrx_word' id='word_1_60' title='bbox 797 1178 905 1244; x_wconf 80' lang='lat' dir='ltr'>facilia</span> <span class='ocrx_word' id='word_1_61' title='bbox 934 1177 995 1243; x_wconf 90' lang='lat' dir='ltr'>tibi</span> <span class='ocrx_word' id='word_1_62' title='bbox 1024 1175 1187 1243; x_wconf 81' lang='lat' dir='ltr'>arbitraris</span> 
     </span>
     <span class='ocr_line' id='line_1_9' title="bbox 53 1279 1214 1365; baseline -0.003 -15"><span class='ocrx_word' id='word_1_63' title='bbox 53 1286 191 1350; x_wconf 72' lang='lat' dir='ltr'>cunctat</span> <span class='ocrx_word' id='word_1_64' title='bbox 223 1283 355 1349; x_wconf 88' lang='lat' dir='ltr'>summis</span> <span class='ocrx_word' id='word_1_65' title='bbox 384 1284 477 1350; x_wconf 82' lang='lat' dir='ltr'>labiis</span> <span class='ocrx_word' id='word_1_66' title='bbox 506 1302 558 1348; x_wconf 88' lang='lat' dir='ltr'>nro</span> <span class='ocrx_word' id='word_1_67' title='bbox 587 1284 739 1365; x_wconf 86' lang='lat' dir='ltr'>honorae,</span> <span class='ocrx_word' id='word_1_68' title='bbox 774 1300 827 1347; x_wconf 89' lang='lat' dir='ltr'>cor</span> <span class='ocrx_word' id='word_1_69' title='bbox 848 1286 956 1347; x_wconf 85' lang='lat' dir='ltr'>autom</span> <span class='ocrx_word' id='word_1_70' title='bbox 973 1284 1072 1347; x_wconf 80' lang='lat' dir='ltr'>‘tuum</span> <span class='ocrx_word' id='word_1_71' title='bbox 1095 1279 1214 1362; x_wconf 71' lang='lat' dir='ltr'>louge?</span> 
     </span>
     <span class='ocr_line' id='line_1_10' title="bbox 52 1381 1188 1470; baseline -0.005 -17"><span class='ocrx_word' id='word_1_72' title='bbox 52 1390 101 1453; x_wconf 89' lang='lat' dir='ltr'>est</span> <span class='ocrx_word' id='word_1_73' title='bbox 119 1406 213 1454; x_wconf 85' lang='lat' dir='ltr'>ame.</span> <span class='ocrx_word' id='word_1_74' title='bbox 247 1405 311 1453; x_wconf 92' lang='lat' dir='ltr'>non</span> <span class='ocrx_word' id='word_1_75' title='bbox 331 1388 382 1453; x_wconf 85' lang='lat' dir='ltr'>eet</span> <span class='ocrx_word' id='word_1_76' title='bbox 403 1405 480 1469; x_wconf 89' lang='lat' dir='ltr'>opus</span> <span class='ocrx_word' id='word_1_77' title='bbox 502 1386 623 1453; x_wconf 83' lang='lat' dir='ltr'>duobus</span> <span class='ocrx_word' id='word_1_78' title='bbox 644 1388 680 1452; x_wconf 95' lang='lat' dir='ltr'>in</span> <span class='ocrx_word' id='word_1_79' title='bbox 700 1384 889 1470; x_wconf 85' lang='lat' dir='ltr'>operatione,</span> <span class='ocrx_word' id='word_1_80' title='bbox 913 1386 994 1467; x_wconf 90' lang='lat' dir='ltr'>quod</span> <span class='ocrx_word' id='word_1_81' title='bbox 1016 1386 1073 1449; x_wconf 91' lang='lat' dir='ltr'>uni</span> <span class='ocrx_word' id='word_1_82' title='bbox 1094 1381 1188 1448; x_wconf 80' lang='lat' dir='ltr'>facite</span> 
     </span>
     <span class='ocr_line' id='line_1_11' title="bbox 20 1485 1185 1573; baseline 0 -20"><span class='ocrx_word' id='word_1_83' title='bbox 20 1494 118 1568; x_wconf 70' lang='lat' dir='ltr'>uuest,</span> <span class='ocrx_word' id='word_1_84' title='bbox 149 1490 330 1573; x_wconf 78' lang='lat' dir='ltr'><strong>frustraque</strong></span> <span class='ocrx_word' id='word_1_85' title='bbox 350 1508 385 1555; x_wconf 89' lang='lat' dir='ltr'>ee</span> <span class='ocrx_word' id='word_1_86' title='bbox 406 1490 511 1573; x_wconf 81' lang='lat' dir='ltr'>gretia</span> <span class='ocrx_word' id='word_1_87' title='bbox 532 1488 711 1556; x_wconf 64' lang='lat' dir='ltr'>diuinitms</span> <span class='ocrx_word' id='word_1_88' title='bbox 733 1487 912 1566; x_wconf 80' lang='lat' dir='ltr'>interserit,</span> <span class='ocrx_word' id='word_1_89' title='bbox 936 1489 989 1554; x_wconf 89' lang='lat' dir='ltr'>ubi</span> <span class='ocrx_word' id='word_1_90' title='bbox 1010 1485 1129 1551; x_wconf 82' lang='lat' dir='ltr'>fatetur</span> <span class='ocrx_word' id='word_1_91' title='bbox 1152 1506 1185 1553; x_wconf 88' lang='lat' dir='ltr'>eo</span> 
     </span>
     <span class='ocr_line' id='line_1_12' title="bbox 52 1590 1186 1677; baseline -0.001 -20"><span class='ocrx_word' id='word_1_92' title='bbox 52 1593 159 1676; x_wconf 90' lang='lat' dir='ltr'>horno,</span> <span class='ocrx_word' id='word_1_93' title='bbox 181 1594 263 1675; x_wconf 84' lang='lat' dir='ltr'>quot</span> <span class='ocrx_word' id='word_1_94' title='bbox 278 1590 371 1659; x_wconf 82' lang='lat' dir='ltr'>facile</span> <span class='ocrx_word' id='word_1_95' title='bbox 388 1593 496 1677; x_wconf 89' lang='lat' dir='ltr'>possit,</span> <span class='ocrx_word' id='word_1_96' title='bbox 520 1593 546 1658; x_wconf 91' lang='lat' dir='ltr'>ei</span> <span class='ocrx_word' id='word_1_97' title='bbox 568 1593 657 1659; x_wconf 88' lang='lat' dir='ltr'>uelit.</span> <span class='ocrx_word' id='word_1_98' title='bbox 687 1592 725 1657; x_wconf 89' lang='lat' dir='ltr'>tu</span> <span class='ocrx_word' id='word_1_99' title='bbox 746 1591 865 1658; x_wconf 86' lang='lat' dir='ltr'>uolenti</span> <span class='ocrx_word' id='word_1_100' title='bbox 886 1590 995 1657; x_wconf 86' lang='lat' dir='ltr'>facilia</span> <span class='ocrx_word' id='word_1_101' title='bbox 1013 1608 1081 1657; x_wconf 87' lang='lat' dir='ltr'>ease</span> <span class='ocrx_word' id='word_1_102' title='bbox 1096 1608 1186 1656; x_wconf 78' lang='lat' dir='ltr'>man·</span> 
     </span>
     <span class='ocr_line' id='line_1_13' title="bbox 53 1692 1185 1779; baseline -0.004 -18"><span class='ocrx_word' id='word_1_103' title='bbox 53 1698 128 1761; x_wconf 87' lang='lat' dir='ltr'>duta</span> <span class='ocrx_word' id='word_1_104' title='bbox 149 1695 266 1775; x_wconf 75' lang='lat' dir='ltr'>tinet,</span> <span class='ocrx_word' id='word_1_105' title='bbox 289 1699 324 1761; x_wconf 91' lang='lat' dir='ltr'>at</span> <span class='ocrx_word' id='word_1_106' title='bbox 345 1714 402 1779; x_wconf 78' lang='lat' dir='ltr'>ago</span> <span class='ocrx_word' id='word_1_107' title='bbox 424 1696 522 1762; x_wconf 87' lang='lat' dir='ltr'>etiam</span> <span class='ocrx_word' id='word_1_108' title='bbox 542 1695 624 1760; x_wconf 87' lang='lat' dir='ltr'>illud</span> <span class='ocrx_word' id='word_1_109' title='bbox 646 1696 764 1773; x_wconf 72' lang='lat' dir='ltr'>adsero,</span> <span class='ocrx_word' id='word_1_110' title='bbox 788 1695 869 1777; x_wconf 88' lang='lat' dir='ltr'>quod</span> <span class='ocrx_word' id='word_1_111' title='bbox 885 1698 917 1759; x_wconf 86' lang='lat' dir='ltr'>et</span> <span class='ocrx_word' id='word_1_112' title='bbox 931 1692 1077 1759; x_wconf 84' lang='lat' dir='ltr'>difficilia</span> <span class='ocrx_word' id='word_1_113' title='bbox 1098 1693 1185 1759; x_wconf 81' lang='lat' dir='ltr'>dicas</span> 
     </span>
     <span class='ocr_line' id='line_1_14' title="bbox 54 1795 1214 1882; baseline -0.003 -19"><span class='ocrx_word' id='word_1_114' title='bbox 54 1800 203 1881; x_wconf 82' lang='lat' dir='ltr'>conpleri.</span> <span class='ocrx_word' id='word_1_115' title='bbox 236 1802 344 1865; x_wconf 89' lang='lat' dir='ltr'>tamen</span> <span class='ocrx_word' id='word_1_116' title='bbox 371 1816 493 1881; x_wconf 75' lang='lat' dir='ltr'>quoquo</span> <span class='ocrx_word' id='word_1_117' title='bbox 521 1798 613 1863; x_wconf 85' lang='lat' dir='ltr'>modo</span> <span class='ocrx_word' id='word_1_118' title='bbox 634 1816 690 1882; x_wconf 91' lang='lat' dir='ltr'>per</span> <span class='ocrx_word' id='word_1_119' title='bbox 709 1795 869 1863; x_wconf 88' lang='lat' dir='ltr'>hominem</span> <span class='ocrx_word' id='word_1_120' title='bbox 890 1814 982 1880; x_wconf 82' lang='lat' dir='ltr'>posse</span> <span class='ocrx_word' id='word_1_121' title='bbox 1004 1795 1214 1878; x_wconf 65' lang='lat' dir='ltr'>promittunt</span> 
     </span>
     <span class='ocr_line' id='line_1_15' title="bbox 53 1898 1183 1986; baseline -0.004 -19"><span class='ocrx_word' id='word_1_122' title='bbox 53 1902 226 1967; x_wconf 90' lang='lat' dir='ltr'>Dominum</span> <span class='ocrx_word' id='word_1_123' title='bbox 263 1904 429 1986; x_wconf 81' lang='lat' dir='ltr'>exprobras</span> <span class='ocrx_word' id='word_1_124' title='bbox 465 1900 623 1980; x_wconf 85' lang='lat' dir='ltr'>inuidiae,</span> <span class='ocrx_word' id='word_1_125' title='bbox 660 1904 715 1984; x_wconf 87' lang='lat' dir='ltr'>qui</span> <span class='ocrx_word' id='word_1_126' title='bbox 751 1901 899 1967; x_wconf 83' lang='lat' dir='ltr'>adiuncto</span> <span class='ocrx_word' id='word_1_127' title='bbox 935 1898 1089 1965; x_wconf 88' lang='lat' dir='ltr'>adiutorio</span> <span class='ocrx_word' id='word_1_128' title='bbox 1127 1916 1183 1963; x_wconf 83' lang='lat' dir='ltr'>ano</span> 
     </span>
     <span class='ocr_line' id='line_1_16' title="bbox 22 2001 1187 2088; baseline -0.001 -21"><span class='ocrx_word' id='word_1_129' title='bbox 22 2006 190 2088; x_wconf 65' lang='lat' dir='ltr'>attemptet</span> <span class='ocrx_word' id='word_1_130' title='bbox 209 2005 394 2083; x_wconf 73' lang='lat' dir='ltr'>adscribere,</span> <span class='ocrx_word' id='word_1_131' title='bbox 418 2008 500 2088; x_wconf 85' lang='lat' dir='ltr'>quod</span> <span class='ocrx_word' id='word_1_132' title='bbox 520 2005 607 2070; x_wconf 88' lang='lat' dir='ltr'>solus</span> <span class='ocrx_word' id='word_1_133' title='bbox 628 2022 684 2088; x_wconf 91' lang='lat' dir='ltr'>per</span> <span class='ocrx_word' id='word_1_134' title='bbox 696 2003 896 2069; x_wconf 85' lang='lat' dir='ltr'>uoluntatem</span> <span class='ocrx_word' id='word_1_135' title='bbox 918 2002 1011 2069; x_wconf 89' lang='lat' dir='ltr'>homo</span> <span class='ocrx_word' id='word_1_136' title='bbox 1030 2001 1187 2085; x_wconf 81' lang='lat' dir='ltr'>potuisset</span> 
     </span>
     <span class='ocr_line' id='line_1_17' title="bbox 54 2105 1186 2192; baseline -0.001 -22"><span class='ocrx_word' id='word_1_137' title='bbox 54 2106 198 2192; x_wconf 87' lang='lat' dir='ltr'>implere.</span> <span class='ocrx_word' id='word_1_138' title='bbox 246 2110 302 2172; x_wconf 89' lang='lat' dir='ltr'>aut</span> <span class='ocrx_word' id='word_1_139' title='bbox 336 2108 415 2173; x_wconf 88' lang='lat' dir='ltr'>tolle</span> <span class='ocrx_word' id='word_1_140' title='bbox 451 2107 571 2173; x_wconf 89' lang='lat' dir='ltr'>homini</span> <span class='ocrx_word' id='word_1_141' title='bbox 609 2106 644 2172; x_wconf 91' lang='lat' dir='ltr'>si</span> <span class='ocrx_word' id='word_1_142' title='bbox 679 2106 785 2173; x_wconf 93' lang='lat' dir='ltr'>uelit</span> <span class='ocrx_word' id='word_1_143' title='bbox 824 2108 856 2171; x_wconf 91' lang='lat' dir='ltr'>et</span> <span class='ocrx_word' id='word_1_144' title='bbox 891 2106 1010 2191; x_wconf 69' lang='lat' dir='ltr'>green</span> <span class='ocrx_word' id='word_1_145' title='bbox 1046 2105 1186 2171; x_wconf 78' lang='lat' dir='ltr'>adscribe</span> 
     </span>
     <span class='ocr_line' id='line_1_18' title="bbox 55 2206 1186 2295; baseline 0 -22"><span class='ocrx_word' id='word_1_146' title='bbox 55 2210 155 2291; x_wconf 83' lang='lat' dir='ltr'>quod</span> <span class='ocrx_word' id='word_1_147' title='bbox 183 2211 316 2295; x_wconf 80' lang='lat' dir='ltr'>possib</span> <span class='ocrx_word' id='word_1_148' title='bbox 344 2214 417 2290; x_wconf 83' lang='lat' dir='ltr'>aut,</span> <span class='ocrx_word' id='word_1_149' title='bbox 446 2211 521 2294; x_wconf 86' lang='lat' dir='ltr'>quia</span> <span class='ocrx_word' id='word_1_150' title='bbox 541 2211 662 2276; x_wconf 88' lang='lat' dir='ltr'>homini</span> <span class='ocrx_word' id='word_1_151' title='bbox 683 2210 798 2276; x_wconf 88' lang='lat' dir='ltr'>tribuis</span> <span class='ocrx_word' id='word_1_152' title='bbox 826 2226 941 2292; x_wconf 87' lang='lat' dir='ltr'>posse</span> <span class='ocrx_word' id='word_1_153' title='bbox 963 2226 1047 2274; x_wconf 89' lang='lat' dir='ltr'>oum</span> <span class='ocrx_word' id='word_1_154' title='bbox 1068 2206 1186 2285; x_wconf 85' lang='lat' dir='ltr'>uelit,</span> 
     </span>
     <span class='ocr_line' id='line_1_19' title="bbox 55 2311 1187 2399; baseline 0 -23"><span class='ocrx_word' id='word_1_155' title='bbox 55 2330 181 2378; x_wconf 89' lang='lat' dir='ltr'>remoue</span> <span class='ocrx_word' id='word_1_156' title='bbox 209 2313 392 2381; x_wconf 71' lang='lat' dir='ltr'>mutatam</span> <span class='ocrx_word' id='word_1_157' title='bbox 419 2318 539 2398; x_wconf 67' lang='lat' dir='ltr'>gratiae</span> <span class='ocrx_word' id='word_1_158' title='bbox 567 2315 729 2399; x_wconf 79' lang='lat' dir='ltr'>palpatam</span> <span class='ocrx_word' id='word_1_159' title='bbox 754 2333 811 2380; x_wconf 90' lang='lat' dir='ltr'>nec</span> <span class='ocrx_word' id='word_1_160' title='bbox 838 2312 1055 2379; x_wconf 84' lang='lat' dir='ltr'>cohaerentem</span> <span class='ocrx_word' id='word_1_161' title='bbox 1088 2311 1187 2394; x_wconf 88' lang='lat' dir='ltr'>purti-</span> 
     </span>
     <span class='ocr_line' id='line_1_20' title="bbox 55 2414 1187 2502; baseline -0.001 -22"><span class='ocrx_word' id='word_1_162' title='bbox 55 2417 246 2499; x_wconf 87' lang='lat' dir='ltr'>cipationem</span> <span class='ocrx_word' id='word_1_163' title='bbox 279 2422 313 2483; x_wconf 91' lang='lat' dir='ltr'>et</span> <span class='ocrx_word' id='word_1_164' title='bbox 345 2418 462 2485; x_wconf 85' lang='lat' dir='ltr'>nudam</span> <span class='ocrx_word' id='word_1_165' title='bbox 495 2438 532 2485; x_wconf 82' lang='lat' dir='ltr'>ex</span> <span class='ocrx_word' id='word_1_166' title='bbox 566 2418 761 2484; x_wconf 83' lang='lat' dir='ltr'>abundantia</span> <span class='ocrx_word' id='word_1_167' title='bbox 795 2417 893 2484; x_wconf 81' lang='lat' dir='ltr'>cordis</span> <span class='ocrx_word' id='word_1_168' title='bbox 924 2414 1070 2502; x_wconf 88' lang='lat' dir='ltr'>profitere</span> <span class='ocrx_word' id='word_1_169' title='bbox 1103 2414 1187 2480; x_wconf 84' lang='lat' dir='ltr'>blae-</span> 
     </span>
     <span class='ocr_line' id='line_1_21' title="bbox 24 2520 1124 2603; baseline -0.004 -18"><span class='ocrx_word' id='word_1_170' title='bbox 24 2520 224 2603; x_wconf 79' lang='lat' dir='ltr'>aphemiam.</span> <span class='ocrx_word' id='word_1_171' title='bbox 1121 2549 1124 2556; x_wconf 91' lang='lat'>·</span> 
     </span>
    </p>
   </div>
   <div class='ocr_carea' id='block_1_3' title="bbox 55 2705 1187 2932">
    <p class='ocr_par' dir='ltr' id='par_1_3' title="bbox 55 2705 1187 2932">
     <span class='ocr_line' id='line_1_22' title="bbox 158 2705 1187 2778; baseline -0.001 -18"><span class='ocrx_word' id='word_1_172' title='bbox 158 2719 301 2760; x_wconf 76' lang='lat' dir='ltr'>svoronne</span> <span class='ocrx_word' id='word_1_173' title='bbox 337 2707 416 2776; x_wconf 71' lang='lat' dir='ltr'>lupe.</span> <span class='ocrx_word' id='word_1_174' title='bbox 429 2706 587 2778; x_wconf 76' lang='lat' dir='ltr'>Hieronymi</span> <span class='ocrx_word' id='word_1_175' title='bbox 598 2707 633 2762; x_wconf 79' lang='lat' dir='ltr'>ad</span> <span class='ocrx_word' id='word_1_176' title='bbox 643 2707 845 2777; x_wconf 72' lang='lat' dir='ltr'>Ctesiphontem</span> <span class='ocrx_word' id='word_1_177' title='bbox 857 2707 984 2778; x_wconf 81' lang='lat' dir='ltr'>Epistula</span> <span class='ocrx_word' id='word_1_178' title='bbox 996 2723 1055 2776; x_wconf 79' lang='lat' dir='ltr'>cup.</span> <span class='ocrx_word' id='word_1_179' title='bbox 1067 2711 1101 2762; x_wconf 84' lang='lat'>8:</span> <span class='ocrx_word' id='word_1_180' title='bbox 1115 2705 1187 2776; x_wconf 78' lang='lat' dir='ltr'>‘post</span> 
     </span>
     <span class='ocr_line' id='line_1_23' title="bbox 55 2790 1187 2932; baseline 0 -86"><span class='ocrx_word' id='word_1_181' title='bbox 55 2790 249 2932; x_wconf 54' lang='grc' dir='ltr'>ἓῑὲἰεέἰρῐηᾙι</span> <span class='ocrx_word' id='word_1_182' title='bbox 266 2808 389 2846; x_wconf 87' lang='lat' dir='ltr'>somnum</span> <span class='ocrx_word' id='word_1_183' title='bbox 407 2831 414 2845; x_wconf 91' lang='lat'><strong>.</strong></span> <span class='ocrx_word' id='word_1_184' title='bbox 432 2833 439 2845; x_wconf 91' lang='lat'>.</span> <span class='ocrx_word' id='word_1_185' title='bbox 456 2793 560 2848; x_wconf 84' lang='lat' dir='ltr'>conaris</span> <span class='ocrx_word' id='word_1_186' title='bbox 577 2790 732 2862; x_wconf 80' lang='lat' dir='ltr'>adiungere’</span> <span class='ocrx_word' id='word_1_187' title='bbox 835 2795 852 2846; x_wconf 90' lang='lat'><em>8</em></span> <span class='ocrx_word' id='word_1_188' title='bbox 875 2793 955 2846; x_wconf 82' lang='lat' dir='ltr'>labiis</span> <span class='ocrx_word' id='word_1_189' title='bbox 965 2795 1025 2846; x_wconf 83' lang='lat'>-9</span> <span class='ocrx_word' id='word_1_190' title='bbox 1043 2809 1060 2848; x_wconf 89' lang='lat' dir='ltr'>a</span> <span class='ocrx_word' id='word_1_191' title='bbox 1077 2809 1118 2846; x_wconf 90' lang='lat' dir='ltr'>me</span> <span class='ocrx_word' id='word_1_192' title='bbox 1134 2807 1187 2846; x_wconf 84' lang='lat' dir='ltr'>aee.</span> 
     </span>
    </p>
   </div>
   <div class='ocr_carea' id='block_1_4' title="bbox 54 3047 1186 3205">
    <p class='ocr_par' dir='ltr' id='par_1_4' title="bbox 54 3047 1186 3205">
     <span class='ocr_line' id='line_1_24' title="bbox 107 3047 1186 3120; baseline 0.003 -21"><span class='ocrx_word' id='word_1_193' title='bbox 107 3048 123 3099; x_wconf 96' lang='grc'>1</span> <span class='ocrx_word' id='word_1_194' title='bbox 135 3047 160 3099; x_wconf 89' lang='lat' dir='ltr'>ei</span> <span class='ocrx_word' id='word_1_195' title='bbox 172 3047 241 3100; x_wconf 89' lang='lat' dir='ltr'>uelit</span> <span class='ocrx_word' id='word_1_196' title='bbox 252 3053 317 3102; x_wconf 78' lang='lat' dir='ltr'>unte</span> <span class='ocrx_word' id='word_1_197' title='bbox 328 3053 388 3114; x_wconf 85' lang='lat'><strong><em>618,</em></strong></span> <span class='ocrx_word' id='word_1_198' title='bbox 401 3051 441 3102; x_wconf 79' lang='lat'>23</span> <span class='ocrx_word' id='word_1_199' title='bbox 452 3048 528 3103; x_wconf 81' lang='lat' dir='ltr'>facile</span> <span class='ocrx_word' id='word_1_200' title='bbox 541 3047 583 3102; x_wconf 83' lang='lat' dir='ltr'>dei</span> <span class='ocrx_word' id='word_1_201' title='bbox 595 3049 713 3104; x_wconf 82' lang='lat' dir='ltr'>traiectu</span> <span class='ocrx_word' id='word_1_202' title='bbox 723 3050 756 3104; x_wconf 81' lang='lat' dir='ltr'>in</span> <span class='ocrx_word' id='word_1_203' title='bbox 771 3049 802 3100; x_wconf 99' lang='grc' dir='ltr'>Ψ</span> <span class='ocrx_word' id='word_1_204' title='bbox 821 3049 835 3120; x_wconf 75' lang='lat' dir='ltr'>u</span> <span class='ocrx_word' id='word_1_205' title='bbox 857 3050 889 3118; x_wconf 87' lang='lat' dir='ltr'>ei]</span> <span class='ocrx_word' id='word_1_206' title='bbox 902 3065 930 3103; x_wconf 81' lang='lat' dir='ltr'>ee</span> <span class='ocrx_word' id='word_1_207' title='bbox 941 3049 984 3102; x_wconf 69' lang='grc' dir='ltr'>ᾤ’·</span> <span class='ocrx_word' id='word_1_208' title='bbox 1069 3047 1186 3103; x_wconf 70' lang='lat' dir='ltr'>thierc-</span> 
     </span>
     <span class='ocr_line' id='line_1_25' title="bbox 54 3133 1186 3205; baseline 0.003 -19"><span class='ocrx_word' id='word_1_209' title='bbox 54 3133 145 3187; x_wconf 85' lang='lat' dir='ltr'>nimus</span> <span class='ocrx_word' id='word_1_210' title='bbox 163 3133 267 3190; x_wconf 68' lang='grc' dir='ltr'>ΣΝΧ</span> <span class='ocrx_word' id='word_1_211' title='bbox 305 3135 448 3188; x_wconf 86' lang='lat' dir='ltr'>ieronimus</span> <span class='ocrx_word' id='word_1_212' title='bbox 468 3135 499 3186; x_wconf 87' lang='grc' dir='ltr'>Ψ</span> <span class='ocrx_word' id='word_1_213' title='bbox 525 3134 538 3204; x_wconf 75' lang='lat' dir='ltr'>ss</span> <span class='ocrx_word' id='word_1_214' title='bbox 565 3138 627 3203; x_wconf 80' lang='lat' dir='ltr'>epia</span> <span class='ocrx_word' id='word_1_215' title='bbox 643 3135 731 3186; x_wconf 82' lang='grc' dir='ltr'>ΣΧΨ</span> <span class='ocrx_word' id='word_1_216' title='bbox 756 3134 769 3204; x_wconf 79' lang='grc' dir='ltr'>ΙΙ</span> <span class='ocrx_word' id='word_1_217' title='bbox 796 3133 832 3190; x_wconf 80' lang='lat' dir='ltr'>ud</span> <span class='ocrx_word' id='word_1_218' title='bbox 849 3135 1054 3205; x_wconf 73' lang='lat' dir='ltr'>ctesiphonten]</span> <span class='ocrx_word' id='word_1_219' title='bbox 1071 3134 1186 3189; x_wconf 80' lang='lat' dir='ltr'>adthesi-</span> 
     </span>
    </p>
   </div>
   <div class='ocr_carea' id='block_1_5' title="bbox 53 3221 1187 4354">
    <p class='ocr_par' dir='ltr' id='par_1_5' title="bbox 53 3221 1187 3826">
     <span class='ocr_line' id='line_1_26' title="bbox 53 3221 1185 3306; baseline 0.004 -18"><span class='ocrx_word' id='word_1_220' title='bbox 53 3236 158 3290; x_wconf 86' lang='lat' dir='ltr'>fontem</span> <span class='ocrx_word' id='word_1_221' title='bbox 174 3236 205 3287; x_wconf 88' lang='grc' dir='ltr'><em>Σ</em></span> <span class='ocrx_word' id='word_1_222' title='bbox 237 3236 342 3290; x_wconf 84' lang='lat' dir='ltr'>athesi</span> <span class='ocrx_word' id='word_1_223' title='bbox 360 3235 463 3291; x_wconf 81' lang='lat' dir='ltr'>fontem</span> <span class='ocrx_word' id='word_1_224' title='bbox 480 3239 507 3288; x_wconf 80' lang='lat' dir='ltr'>&#39;i&#39;</span> <span class='ocrx_word' id='word_1_225' title='bbox 546 3236 736 3294; x_wconf 79' lang='lat' dir='ltr'>athesifontern</span> <span class='ocrx_word' id='word_1_226' title='bbox 754 3240 779 3292; x_wconf 86' lang='grc' dir='ltr'><em>Φ</em></span> <span class='ocrx_word' id='word_1_227' title='bbox 819 3221 927 3296; x_wconf 71' lang='lat' dir='ltr'>a1⁶thesi</span> <span class='ocrx_word' id='word_1_228' title='bbox 943 3237 1045 3292; x_wconf 84' lang='lat' dir='ltr'>iontem</span> <span class='ocrx_word' id='word_1_229' title='bbox 1063 3239 1092 3306; x_wconf 86' lang='lat' dir='ltr'>(d</span> <span class='ocrx_word' id='word_1_230' title='bbox 1108 3240 1185 3306; x_wconf 51' lang='lat' dir='ltr'>aaa</span> 
     </span>
     <span class='ocr_line' id='line_1_27' title="bbox 53 3320 1176 3394; baseline 0.004 -20"><span class='ocrx_word' id='word_1_231' title='bbox 53 3323 81 3374; x_wconf 79' lang='grc' dir='ltr'><strong><em>Χ</em></strong></span> <span class='ocrx_word' id='word_1_232' title='bbox 114 3321 150 3376; x_wconf 86' lang='lat' dir='ltr'>cd</span> <span class='ocrx_word' id='word_1_233' title='bbox 168 3320 369 3390; x_wconf 79' lang='lat' dir='ltr'>thesiphontem</span> <span class='ocrx_word' id='word_1_234' title='bbox 386 3326 411 3377; x_wconf 72' lang='grc' dir='ltr'>Ψ</span> <span class='ocrx_word' id='word_1_235' title='bbox 510 3321 664 3394; x_wconf 71' lang='lat' dir='ltr'>ascripsit]</span> <span class='ocrx_word' id='word_1_236' title='bbox 683 3326 711 3376; x_wconf 79' lang='grc' dir='ltr'><strong><em>Χ</em></strong></span> <span class='ocrx_word' id='word_1_237' title='bbox 743 3321 894 3380; x_wconf 75' lang='lat' dir='ltr'>scribsitrh</span> <span class='ocrx_word' id='word_1_238' title='bbox 928 3323 1022 3378; x_wconf 81' lang='lat' dir='ltr'>scribit</span> <span class='ocrx_word' id='word_1_239' title='bbox 1040 3323 1143 3379; x_wconf 74' lang='grc' dir='ltr'>ΣΨΨυ</span> <span class='ocrx_word' id='word_1_240' title='bbox 1163 3324 1176 3394; x_wconf 88' lang='grc' dir='ltr'>ΙΙ</span> 
     </span>
     <span class='ocr_line' id='line_1_28' title="bbox 53 3408 1176 3484; baseline 0.002 -22"><span class='ocrx_word' id='word_1_241' title='bbox 53 3409 76 3478; x_wconf 93' lang='lat' dir='ltr'>e]</span> <span class='ocrx_word' id='word_1_242' title='bbox 95 3424 128 3462; x_wconf 84' lang='lat' dir='ltr'>ex</span> <span class='ocrx_word' id='word_1_243' title='bbox 144 3424 164 3464; x_wconf 85' lang='lat' dir='ltr'>c</span> <span class='ocrx_word' id='word_1_244' title='bbox 264 3408 282 3462; x_wconf 84' lang='lat'>4</span> <span class='ocrx_word' id='word_1_245' title='bbox 305 3408 490 3478; x_wconf 74' lang='lat' dir='ltr'>expergiscens</span> <span class='ocrx_word' id='word_1_246' title='bbox 517 3410 579 3460; x_wconf 87' lang='grc' dir='ltr'>ΣΨ</span> <span class='ocrx_word' id='word_1_247' title='bbox 679 3409 891 3481; x_wconf 73' lang='lat' dir='ltr'>tnamianteq:</span> <span class='ocrx_word' id='word_1_248' title='bbox 909 3413 942 3468; x_wconf 80' lang='lat' dir='ltr'>ta</span> <span class='ocrx_word' id='word_1_249' title='bbox 955 3429 1011 3468; x_wconf 81' lang='lat' dir='ltr'>raa.</span> <span class='ocrx_word' id='word_1_250' title='bbox 1029 3428 1064 3466; x_wconf 86' lang='lat' dir='ltr'>m.</span> <span class='ocrx_word' id='word_1_251' title='bbox 1079 3417 1095 3466; x_wconf 88' lang='lat'><strong><em>1</em></strong></span> <span class='ocrx_word' id='word_1_252' title='bbox 1112 3413 1140 3464; x_wconf 88' lang='grc' dir='ltr'><em>Σ</em></span> <span class='ocrx_word' id='word_1_253' title='bbox 1163 3414 1176 3484; x_wconf 71' lang='grc' dir='ltr'>ΙΙ</span> 
     </span>
     <span class='ocr_line' id='line_1_29' title="bbox 53 3493 1185 3568; baseline 0.005 -22"><span class='ocrx_word' id='word_1_254' title='bbox 53 3494 129 3548; x_wconf 89' lang='lat' dir='ltr'>inore</span> <span class='ocrx_word' id='word_1_255' title='bbox 146 3493 204 3562; x_wconf 76' lang='lat' dir='ltr'>tuo!</span> <span class='ocrx_word' id='word_1_256' title='bbox 225 3493 258 3548; x_wconf 77' lang='lat' dir='ltr'>ia</span> <span class='ocrx_word' id='word_1_257' title='bbox 274 3510 330 3550; x_wconf 81' lang='lat' dir='ltr'>roo.</span> <span class='ocrx_word' id='word_1_258' title='bbox 348 3500 410 3550; x_wconf 72' lang='lat' dir='ltr'>aaz</span> <span class='ocrx_word' id='word_1_259' title='bbox 431 3495 462 3546; x_wconf 89' lang='grc' dir='ltr'>Ψ</span> <span class='ocrx_word' id='word_1_260' title='bbox 558 3495 573 3549; x_wconf 77' lang='lat' dir='ltr'>i</span> <span class='ocrx_word' id='word_1_261' title='bbox 596 3499 693 3552; x_wconf 84' lang='lat' dir='ltr'>cuncto</span> <span class='ocrx_word' id='word_1_262' title='bbox 710 3497 888 3552; x_wconf 72' lang='lat' dir='ltr'>arbitrarier</span> <span class='ocrx_word' id='word_1_263' title='bbox 985 3499 1002 3554; x_wconf 88' lang='grc'><strong>9</strong></span> <span class='ocrx_word' id='word_1_264' title='bbox 1020 3497 1185 3568; x_wconf 89' lang='lat' dir='ltr'>operatione]</span> 
     </span>
     <span class='ocr_line' id='line_1_30' title="bbox 53 3581 1185 3656; baseline 0.005 -22"><span class='ocrx_word' id='word_1_265' title='bbox 53 3597 70 3634; x_wconf 90' lang='lat' dir='ltr'>o</span> <span class='ocrx_word' id='word_1_266' title='bbox 111 3581 297 3650; x_wconf 90' lang='lat' dir='ltr'>cooperatione</span> <span class='ocrx_word' id='word_1_267' title='bbox 314 3581 417 3633; x_wconf 74' lang='grc' dir='ltr'>ΣΨΦΧ</span> <span class='ocrx_word' id='word_1_268' title='bbox 456 3597 502 3636; x_wconf 91' lang='lat' dir='ltr'>coo</span> <span class='ocrx_word' id='word_1_269' title='bbox 519 3582 629 3654; x_wconf 83' lang='lat' dir='ltr'>petione</span> <span class='ocrx_word' id='word_1_270' title='bbox 647 3587 704 3656; x_wconf 84' lang='lat' dir='ltr'>(op</span> <span class='ocrx_word' id='word_1_271' title='bbox 720 3585 752 3638; x_wconf 82' lang='lat' dir='ltr'>in</span> <span class='ocrx_word' id='word_1_272' title='bbox 769 3599 824 3640; x_wconf 82' lang='lat' dir='ltr'>roe.</span> <span class='ocrx_word' id='word_1_273' title='bbox 842 3601 876 3640; x_wconf 83' lang='lat' dir='ltr'>m.</span> <span class='ocrx_word' id='word_1_274' title='bbox 895 3589 911 3638; x_wconf 91' lang='lat'><strong><em>1</em></strong></span> <span class='ocrx_word' id='word_1_275' title='bbox 928 3590 955 3639; x_wconf 88' lang='lat' dir='ltr'>ct</span> <span class='ocrx_word' id='word_1_276' title='bbox 971 3600 1060 3654; x_wconf 75' lang='lat' dir='ltr'>supra</span> <span class='ocrx_word' id='word_1_277' title='bbox 1077 3601 1108 3639; x_wconf 94' lang='lat' dir='ltr'>oo</span> <span class='ocrx_word' id='word_1_278' title='bbox 1126 3601 1185 3640; x_wconf 78' lang='lat' dir='ltr'>cor·</span> 
     </span>
     <span class='ocr_line' id='line_1_31' title="bbox 53 3665 1187 3741; baseline 0.006 -22"><span class='ocrx_word' id='word_1_279' title='bbox 53 3672 168 3722; x_wconf 76' lang='lat' dir='ltr'>rectam</span> <span class='ocrx_word' id='word_1_280' title='bbox 184 3682 282 3734; x_wconf 77' lang='lat' dir='ltr'>erusc5</span> <span class='ocrx_word' id='word_1_281' title='bbox 307 3665 395 3733; x_wconf 65' lang='lat' dir='ltr'>frume</span> <span class='ocrx_word' id='word_1_282' title='bbox 411 3683 432 3722; x_wconf 82' lang='lat' dir='ltr'>a</span> <span class='ocrx_word' id='word_1_283' title='bbox 445 3667 588 3737; x_wconf 77' lang='lat' dir='ltr'>principio</span> <span class='ocrx_word' id='word_1_284' title='bbox 605 3667 721 3724; x_wconf 73' lang='lat' dir='ltr'>uidetur</span> <span class='ocrx_word' id='word_1_285' title='bbox 738 3670 903 3741; x_wconf 90' lang='lat' dir='ltr'>corpatione)</span> <span class='ocrx_word' id='word_1_286' title='bbox 930 3671 960 3721; x_wconf 88' lang='grc' dir='ltr'>Ψ</span> <span class='ocrx_word' id='word_1_287' title='bbox 1061 3673 1092 3728; x_wconf 92' lang='lat' dir='ltr'>ll</span> <span class='ocrx_word' id='word_1_288' title='bbox 1116 3671 1187 3740; x_wconf 85' lang='lat' dir='ltr'>quod</span> 
     </span>
     <span class='ocr_line' id='line_1_32' title="bbox 54 3750 1118 3826; baseline 0.003 -19"><span class='ocrx_word' id='word_1_289' title='bbox 54 3750 364 3823; x_wconf 59' lang='lat' dir='ltr'>omn-naimo*</span> <span class='ocrx_word' id='word_1_290' title='bbox 466 3753 731 3809; x_wconf 57' lang='lat' dir='ltr'>iteraremus</span> <span class='ocrx_word' id='word_1_291' title='bbox 763 3755 1118 3826; x_wconf 71' lang='lat' dir='ltr'>0m.(aamaeruu)s</span> 
     </span>
    </p>

    <p class='ocr_par' dir='ltr' id='par_1_6' title="bbox 55 3837 1187 4354">
     <span class='ocr_line' id='line_1_33' title="bbox 56 3837 1184 3914; baseline 0.006 -23"><span class='ocrx_word' id='word_1_292' title='bbox 56 3837 89 3891; x_wconf 85' lang='lat'>13</span> <span class='ocrx_word' id='word_1_293' title='bbox 106 3837 236 3906; x_wconf 84' lang='lat' dir='ltr'>compleri</span> <span class='ocrx_word' id='word_1_294' title='bbox 252 3837 311 3890; x_wconf 80' lang='grc' dir='ltr'>ΧΨ</span> <span class='ocrx_word' id='word_1_295' title='bbox 343 3839 459 3908; x_wconf 77' lang='lat' dir='ltr'>oonpltei</span> <span class='ocrx_word' id='word_1_296' title='bbox 475 3841 514 3891; x_wconf 79' lang='grc' dir='ltr'>Σι</span> <span class='ocrx_word' id='word_1_297' title='bbox 537 3839 549 3910; x_wconf 74' lang='grc' dir='ltr'>ΙΙ</span> <span class='ocrx_word' id='word_1_298' title='bbox 572 3839 774 3910; x_wconf 85' lang='lat' dir='ltr'>quoquomodo</span> <span class='ocrx_word' id='word_1_299' title='bbox 792 3841 848 3910; x_wconf 85' lang='lat' dir='ltr'>per]</span> <span class='ocrx_word' id='word_1_300' title='bbox 867 3846 935 3914; x_wconf 82' lang='lat' dir='ltr'>erip</span> <span class='ocrx_word' id='word_1_301' title='bbox 953 3857 981 3896; x_wconf 85' lang='lat' dir='ltr'>se</span> <span class='ocrx_word' id='word_1_302' title='bbox 999 3845 1066 3896; x_wconf 66' lang='grc' dir='ltr'><em>Μ</em></span> <span class='ocrx_word' id='word_1_303' title='bbox 1084 3843 1184 3900; x_wconf 77' lang='lat' dir='ltr'>inrue.</span> 
     </span>
     <span class='ocr_line' id='line_1_34' title="bbox 55 3930 1186 4015; baseline 0.007 -21"><span class='ocrx_word' id='word_1_304' title='bbox 55 3942 121 3996; x_wconf 82' lang='lat' dir='ltr'>circ.</span> <span class='ocrx_word' id='word_1_305' title='bbox 138 3945 200 3996; x_wconf 80' lang='lat' dir='ltr'>octo</span> <span class='ocrx_word' id='word_1_306' title='bbox 217 3941 269 3996; x_wconf 80' lang='lat' dir='ltr'>titt.</span> <span class='ocrx_word' id='word_1_307' title='bbox 289 3930 318 4010; x_wconf 69' lang='grc' dir='ltr'>(ᾗ</span> <span class='ocrx_word' id='word_1_308' title='bbox 336 3940 414 3995; x_wconf 86' lang='lat' dir='ltr'>modo</span> <span class='ocrx_word' id='word_1_309' title='bbox 432 3940 491 4012; x_wconf 67' lang='lat' dir='ltr'>pt)</span> <span class='ocrx_word' id='word_1_310' title='bbox 508 3942 606 4010; x_wconf 81' lang='lat' dir='ltr'>capuci</span> <span class='ocrx_word' id='word_1_311' title='bbox 625 3942 656 3992; x_wconf 89' lang='grc' dir='ltr'>Ψ</span> <span class='ocrx_word' id='word_1_312' title='bbox 673 3941 686 4012; x_wconf 90' lang='grc' dir='ltr'>ΙΙ</span> <span class='ocrx_word' id='word_1_313' title='bbox 705 3944 823 4012; x_wconf 87' lang='lat' dir='ltr'>quoquo]</span> <span class='ocrx_word' id='word_1_314' title='bbox 841 3959 858 3998; x_wconf 89' lang='lat' dir='ltr'>c</span> <span class='ocrx_word' id='word_1_315' title='bbox 891 3958 944 4012; x_wconf 88' lang='lat' dir='ltr'>quo</span> <span class='ocrx_word' id='word_1_316' title='bbox 961 3946 1065 3998; x_wconf 73' lang='grc' dir='ltr'>ΣΨΦΧ</span> <span class='ocrx_word' id='word_1_317' title='bbox 1080 3945 1093 4015; x_wconf 87' lang='grc' dir='ltr'>ΙΙ</span> <span class='ocrx_word' id='word_1_318' title='bbox 1110 3961 1186 4015; x_wconf 80' lang='lat' dir='ltr'>posse</span> 
     </span>
     <span class='ocr_line' id='line_1_35' title="bbox 56 4025 1185 4095; baseline 0.007 -19"><span class='ocrx_word' id='word_1_319' title='bbox 56 4027 94 4076; x_wconf 54' lang='grc' dir='ltr'>Χῖ</span> <span class='ocrx_word' id='word_1_320' title='bbox 198 4025 233 4080; x_wconf 83' lang='lat'>14</span> <span class='ocrx_word' id='word_1_321' title='bbox 248 4026 377 4095; x_wconf 75' lang='lat' dir='ltr'>exprobat</span> <span class='ocrx_word' id='word_1_322' title='bbox 394 4027 424 4078; x_wconf 90' lang='grc' dir='ltr'><em>Σ</em></span> <span class='ocrx_word' id='word_1_323' title='bbox 526 4027 561 4082; x_wconf 86' lang='lat' dir='ltr'>lb</span> <span class='ocrx_word' id='word_1_324' title='bbox 577 4025 726 4084; x_wconf 61' lang='lat' dir='ltr'>”amitere</span> <span class='ocrx_word' id='word_1_325' title='bbox 743 4029 772 4079; x_wconf 96' lang='grc' dir='ltr'><em>Σ</em></span> <span class='ocrx_word' id='word_1_326' title='bbox 806 4027 936 4084; x_wconf 69' lang='lat' dir='ltr'>asenberc</span> <span class='ocrx_word' id='word_1_327' title='bbox 956 4030 986 4082; x_wconf 88' lang='grc' dir='ltr'>Ψ</span> <span class='ocrx_word' id='word_1_328' title='bbox 1089 4031 1122 4086; x_wconf 88' lang='grc'>16</span> <span class='ocrx_word' id='word_1_329' title='bbox 1139 4030 1185 4085; x_wconf 89' lang='lat' dir='ltr'>ho·</span> 
     </span>
     <span class='ocr_line' id='line_1_36' title="bbox 56 4111 1184 4184; baseline 0.004 -18"><span class='ocrx_word' id='word_1_330' title='bbox 56 4113 142 4167; x_wconf 82' lang='lat' dir='ltr'>mines</span> <span class='ocrx_word' id='word_1_331' title='bbox 160 4113 206 4166; x_wconf 67' lang='grc' dir='ltr'>ᾤ’*</span> <span class='ocrx_word' id='word_1_332' title='bbox 234 4112 248 4182; x_wconf 91' lang='grc' dir='ltr'>ΙΙ</span> <span class='ocrx_word' id='word_1_333' title='bbox 278 4127 307 4165; x_wconf 82' lang='lat' dir='ltr'>se</span> <span class='ocrx_word' id='word_1_334' title='bbox 324 4115 368 4163; x_wconf 67' lang='grc' dir='ltr'>ᾤ’*</span> <span class='ocrx_word' id='word_1_335' title='bbox 400 4113 414 4183; x_wconf 71' lang='lat' dir='ltr'>t}</span> <span class='ocrx_word' id='word_1_336' title='bbox 446 4111 568 4181; x_wconf 65' lang='lat' dir='ltr'>emerite</span> <span class='ocrx_word' id='word_1_337' title='bbox 588 4113 616 4166; x_wconf 88' lang='grc' dir='ltr'><em>Σ</em></span> <span class='ocrx_word' id='word_1_338' title='bbox 663 4112 806 4170; x_wconf 65' lang='lat' dir='ltr'>muritta</span> <span class='ocrx_word' id='word_1_339' title='bbox 824 4113 954 4183; x_wconf 60' lang='lat' dir='ltr'>(mm</span> <span class='ocrx_word' id='word_1_340' title='bbox 970 4115 1030 4181; x_wconf 73' lang='lat' dir='ltr'>fere</span> <span class='ocrx_word' id='word_1_341' title='bbox 1048 4116 1099 4171; x_wconf 71' lang='lat' dir='ltr'>lie.</span> <span class='ocrx_word' id='word_1_342' title='bbox 1117 4119 1184 4184; x_wconf 84' lang='lat' dir='ltr'>raa.)</span> 
     </span>
     <span class='ocr_line' id='line_1_37' title="bbox 59 4197 1187 4268; baseline 0.007 -18"><span class='ocrx_word' id='word_1_343' title='bbox 59 4199 89 4250; x_wconf 81' lang='grc' dir='ltr'>Ψ</span> <span class='ocrx_word' id='word_1_344' title='bbox 190 4199 225 4254; x_wconf 83' lang='lat'>18</span> <span class='ocrx_word' id='word_1_345' title='bbox 247 4197 394 4268; x_wconf 72' lang='lat' dir='ltr'>palpatum]</span> <span class='ocrx_word' id='word_1_346' title='bbox 417 4199 493 4252; x_wconf 67' lang='grc' dir='ltr'>ΣΝ</span> <span class='ocrx_word' id='word_1_347' title='bbox 536 4198 1187 4268; x_wconf 68' lang='lat' dir='ltr'>palpatumaedtataras.,ecraeanre?</span> 
     </span>
     <span class='ocr_line' id='line_1_38' title="bbox 57 4284 1072 4354; baseline 0.006 -18"><span class='ocrx_word' id='word_1_348' title='bbox 57 4286 84 4336; x_wconf 79' lang='lat' dir='ltr'><em>X</em></span> <span class='ocrx_word' id='word_1_349' title='bbox 116 4285 308 4354; x_wconf 79' lang='lat' dir='ltr'>palpatamque</span> <span class='ocrx_word' id='word_1_350' title='bbox 327 4284 378 4340; x_wconf 82' lang='grc' dir='ltr'>Ψυ</span> <span class='ocrx_word' id='word_1_351' title='bbox 399 4284 412 4353; x_wconf 77' lang='grc' dir='ltr'>ΙΙ</span> <span class='ocrx_word' id='word_1_352' title='bbox 434 4284 641 4338; x_wconf 69' lang='lat' dir='ltr'>coherentem</span> <span class='ocrx_word' id='word_1_353' title='bbox 746 4287 778 4341; x_wconf 90' lang='grc'>19</span> <span class='ocrx_word' id='word_1_354' title='bbox 797 4286 980 4342; x_wconf 83' lang='lat' dir='ltr'>habundantia</span> <span class='ocrx_word' id='word_1_355' title='bbox 998 4289 1072 4342; x_wconf 72' lang='grc' dir='ltr'>’ΥΦΧ</span> 
     </span>
    </p>
   </div>
   <div class='ocr_carea' id='block_1_6' title="bbox 0 0 1473 4975">
    <p class='ocr_par' dir='ltr' id='par_1_7' title="bbox 0 0 1473 4975">
     <span class='ocr_line' id='line_1_39' title="bbox 0 0 1473 4975; baseline 0 0"><span class='ocrx_word' id='word_1_356' title='bbox 0 0 1473 4975; x_wconf 95' lang='lat' dir='ltr'> </span> 
     </span>
    </p>
   </div>
  </div>
 </body>
</html>
