2934 4975
246 305 311 374 630
694 300 793 357 Pauli
816 300 928 357 Oroaii

256 475 406 542 testator:
428 476 515 539 erat
536 476 665 539 autem
681 472 867 549 lustrare,
890 488 985 555 quae
1000 469 1219 537 inluminat
1233 488 1386 537 omnem

257 578 453 644 hominem
488 575 718 642 uenientem
750 574 790 641 in
826 574 927 640 hune
963 574 1157 641 mnndum
1196 575 1274 641 dicit
1311 594 1386 641 nero

256 680 406 750 Dominus
428 680 576 764 apostolis
597 678 678 745 suis:
712 696 780 743 nos
808 678 909 743 estis
932 679 1001 743 lun
1021 678 1139 743 huius
1160 677 1306 744 mnndi
1339 677 1386 743 ibi

254 784 289 850 in
310 782 377 849 solo
399 783 532 851 Domino
553 783 607 854 lux
629 782 711 861 iota,
734 780 810 864 quia
831 800 926 847 nera:
960 781 1012 847 hie
1034 780 1069 847 in
1092 782 1212 847 eunetis
1233 780 1385 865 apostolia

205 896 245 951 12
254 889 308 963 lun
330 887 474 970 quidem,
507 886 563 951 sed
584 889 622 951 de
644 886 715 951 luoe
738 903 817 968 quae
838 890 907 951 tota
929 889 987 953 est.
1020 887 1053 951 et
1075 902 1148 952 eum
1169 884 1230 950 hoo
1252 886 1287 949 in
1308 902 1422 969 apo-s

254 992 343 1059 stolis
364 991 411 1056 itu
432 994 491 1067 est,
514 991 548 1055 in
568 1006 700 1072 quornm
723 988 875 1055 electione
897 992 1080 1055 uniuersum
1095 988 1252 1055 Ecclesiae
1269 1004 1384 1071 eorpus

253 1096 454 1179 adsumptum
477 1096 534 1173 eet,
556 1092 631 1175 quid
652 1110 710 1159 noa
731 1130 774 1141 -
796 1112 861 1174 noe,
884 1093 1026 1177 inquam,
1048 1097 1081 1159 et
1102 1092 1221 1177 singuli
1242 1126 1284 1139 -
1308 1094 1384 1174 qnid

252 1202 325 1281 post
346 1216 398 1267 eoa
420 1198 522 1265 uideri
543 1216 722 1281 possumus,
757 1197 819 1265 nisi
848 1200 1021 1265 seeundum
1050 1197 1229 1280 apostolum
1251 1197 1385 1261 Petrum

252 1300 394 1370 homines
426 1302 529 1385 ignom
561 1304 721 1368 erodentes
751 1304 878 1369 tantum
907 1320 963 1385 per
985 1300 1081 1367 fidem
1103 1301 1288 1386 euangelieo
1312 1318 1384 1385 pro·

252 1403 594 1488 phetmquosermont
618 1412 820 1489 tamquam
841 1406 1028 1473 lucernae
1049 1406 1209 1472 lucenti
1230 1404 1269 1469 in
1292 1403 1421 1469 oali-o

206 1513 348 1591 rugoso
380 1508 490 1574 loeo?
525 1511 615 1593 quusi
648 1510 809 1577 inlustrati
843 1512 940 1577 etiam
973 1507 1035 1592 ipsi
1068 1508 1308 1593 persuademur,
1347 1507 1384 1573 ut

253 1612 454 1693 praeparatae
475 1612 509 1681 iu
531 1611 674 1695 operibus
704 1612 793 1680 bonis
822 1612 887 1679 siut
915 1615 1103 1679 lucernae
1129 1612 1320 1677 ardentes
1344 1611 1384 1676 in

252 1713 434 1781 manibus
457 1717 588 1795 nostris,
618 1734 697 1799 quae
719 1714 918 1781 multimodis
940 1715 1206 1799 temptationibus
1228 1714 1381 1797 fatigatae

169 1848 191 1889 r·
204 1821 285 1883 rosel
316 1816 440 1888 deiectu
476 1817 609 1901 'semper
640 1818 766 1903 proprio
800 1823 832 1885 et
861 1819 987 1886 uerbere
1016 1816 1237 1902 periclitantur
1268 1818 1382 1883 aliem.

252 1920 334 1991 uolo
355 1923 389 1989 et
410 1922 563 1990 Dominus
584 1924 617 1989 in
639 1922 811 2007 Euangelio
833 1923 896 1989 ait:
931 1924 969 1989 et
998 1922 1034 1989 si
1063 1924 1149 2007 ipsa
1170 1920 1251 2003 lun,
1287 1939 1383 2004 quae
1394 1941 1420 1983 15

252 2024 426 2091 innotis
448 2030 524 2105 ost,
547 2024 853 2093 tenebraesunt:
877 2026 987 2110 ipsae
1002 2026 1382 2109 tenebraequentae

250 2128 389 2196 erunt?

203 2234 241 2295 18
294 2229 354 2301 Sei
382 2231 534 2308 moesto,
567 2234 606 2295 ot
633 2231 708 2309 hoe,
743 2232 1062 2316 quantulumcumque
1091 2233 1201 2299 lumen
1231 2234 1296 2309 eet,
1331 2231 1382 2295 in·

251 2331 409 2403 deiolenti
442 2352 541 2416 usque
570 2333 605 2399 in
634 2334 730 2401 finem
760 2336 868 2419 uigore
897 2337 1099 2420 permaneat,
1133 2336 1165 2403 io
1195 2335 1244 2401 est
1265 2335 1383 2401 donum

249 2435 340 2521 illud,
363 2438 445 2519 quod
467 2436 598 2506 sortitus
620 2438 669 2504 eet
690 2438 834 2522 specialis
855 2438 986 2524 gratae,
1010 2457 1072 2506 non
1094 2440 1223 2507 amittat
1241 2472 1284 2488 -
1299 2436 1418 2504 alio-eo

250 2541 325 2622 quio
357 2541 520 2623 plenitudo
553 2541 633 2609 lueis
665 2542 791 2609 ademtit
823 2544 856 2608 in
890 2543 974 2621 toto,
1007 2543 1107 2627 oaligo
1138 2561 1200 2608 non
1222 2542 1379 2608 remanet:

251 2643 420 2728 ealigioem
452 2644 560 2711 autem
592 2646 661 2712 dieo
691 2645 890 2729 insipientiae
919 2646 958 2712 de
988 2647 1108 2729 pennoti
1129 2645 1276 2712 sordibus
1299 2647 1380 2710 aoei-

251 2747 378 2817 oleutem
402 2783 440 2799 ·-
464 2748 589 2831 quidsi
611 2751 781 2834 oonpetens
811 2751 893 2816 ratio
915 2754 978 2826 eet,
1009 2753 1047 2818 ut
1072 2754 1228 2834 qnantum
1250 2747 1289 2814 de
1311 2747 1382 2814 luce

351 3015 495 3056 nueooana
530 3003 622 3058 liele
641 3007 702 3069 1,9
798 3003 933 3060 emaum
953 3007 1032 3072 5,14
1125 3003 1378 3059 tendentes-ll

248 3088 541 3155 responaens
644 3089 884 3158 miseruut
987 3089 1241 3158 limato

300 3331 315 3384 l
331 3328 472 3387 illuminat
493 3329 555 3392 ΣΨ
654 3331 750 3387 ttota
767 3331 799 3386 ies
816 3346 871 3388 roa.
893 3331 923 3383 Ψ
1023 3331 1041 3386 6
1058 3332 1216 3388 electionem
1233 3331 1313 3384 ΣΦΧ

248 3415 347 3484 lquid
364 3415 436 3484 post]
454 3415 502 3490 qni
520 3417 583 3485 poet
599 3417 638 3470 X·
741 3418 775 3471 10
791 3421 922 3487 tanquam
942 3417 973 3468 Ψ
994 3417 1006 3487 ΙΙ
1035 3415 1185 3472 lucernae
1209 3418 1221 3487 11
1250 3417 1379 3486 ealigoso]

246 3502 349 3554 ΣΝΧ
389 3501 538 3571 caliginoso
559 3502 608 3557 Ψυ
712 3503 745 3558 11
763 3504 849 3573 qnasi]
868 3501 1003 3556 ΣῪΦΧΨ
1036 3518 1089 3572 qua
1107 3503 1181 3572 assy
1216 3503 1334 3572 quomis
1356 3503 1369 3574 ΙΙ

245 3586 379 3641 illustrati
398 3587 429 3638 Ψ
482 3654 487 3666 ¹
536 3589 570 3642 12
588 3592 743 3658 preparatae
761 3592 785 3644 Φ
806 3589 821 3660 ΙΙ
835 3594 900 3660 poet
918 3589 994 3643 bonis
1009 3589 1095 3644 mum
1106 3589 1158 3644 liti.
1170 3595 1242 3658 spui.
1255 3589 1381 3644 relietum

245 3673 278 3726 io
304 3674 328 3725 Φ
355 3672 369 3743 ΙΙ
396 3673 502 3731 loeerne
528 3675 563 3726 0¹
667 3675 701 3730 13
727 3675 1053 3742 omoeoeusion
1073 3675 1085 3745 ΙΙ
1109 3673 1224 3744 fetigm
1250 3677 1310 3728 W

247 3757 280 3811 14
298 3757 401 3812 defecto
419 3761 478 3810 Ν·
499 3759 514 3832 u
536 3759 649 3832 semper]
665 3777 686 3832 p
702 3761 732 3812 X
752 3761 765 3832 ΙΙ
788 3761 980 3830 pereclitantur
998 3762 1037 3812 Σ·
1136 3761 1168 3815 16
1185 3761 1294 3815 tenebre
1312 3763 1337 3814 Φ
1356 3759 1369 3831 ΙΙ

245 3846 315 3898 aunt·
327 3844 401 3914 ipsae
418 3845 541 3900 tenebrae
558 3862 609 3901 om.
626 3847 730 3900 ΣΤΦΧ
756 3847 769 3916 ΙΙ
798 3851 898 3916 quante
922 3849 946 3899 Φ
1048 3847 1081 3901 ll
1105 3849 1193 3918 erunt]
1220 3847 1271 3903 Ψυ
1314 3849 1380 3901 sunt

245 3948 350 4003 zoor
451 3950 484 4004 os
506 3953 617 4004 seme
641 3952 668 4002 Σ
772 3950 851 4006 1o1r
869 3966 936 4008 corr.
955 3937 1058 4006 teret·
1080 3967 1114 4005 m.
1132 3953 1192 4004 ro
1228 3949 1275 4029 με
1294 3949 1379 4022 (quoe

245 4039 301 4088 tua
318 4033 389 4091 idom
402 4049 484 4105 qaum
501 4035 585 4090 idest
601 4037 867 4108 atynttoerepoteat)
887 4039 914 4090 Σ
933 4035 947 4106 ΙΙ
971 4035 1081 4106 donum}
1101 4035 1208 4091 domum
1226 4037 1267 4092 sia
1288 4037 1313 4089 Τ

245 4119 425 4258 20.ὠίῃὲ111
443 4121 588 4193 aliquunde
608 4122 639 4174 Ψ
671 4123 801 4192 Alioquin
814 4123 836 4177 ei
858 4125 885 4178 Σ
968 4123 1001 4176 21
1015 4122 1121 4180 assistit
1141 4123 1172 4176 Ψ
1255 4122 1290 4177 23
1308 4137 1378 4177 eom·

243 4211 335 4275 petens
