2934 4975
289 365 404 413 xxvnl

287 536 412 619 qualern
443 554 507 600 una
539 552 610 600 cum
643 532 778 601 fontium
811 534 993 602 definitione
1024 554 1147 601 summo
1180 536 1330 603 desiderio
1363 558 1420 604 er·

286 643 463 723 spectamus
485 657 505 703 a
526 639 685 705 Theodoro
707 636 909 706 Mommseno.
939 657 1023 705 nunc
1044 639 1170 722 quidem
1192 639 1421 707 difficillimum

287 760 379 826 saepe
395 742 445 807 est
457 742 642 826 discernam,
664 742 773 807 utrum
788 741 948 808 chronista
962 740 1107 808 orosium
1122 741 1300 809 adhibuerit
1313 741 1421 829 meum

288 862 330 910 an
352 846 418 910 eius
434 843 642 929 expilatorem
663 862 704 909 an
727 843 861 927 denque
875 845 1012 909 eundem
1027 862 1120 928 quoru
1131 844 1260 912 Orosius
1281 846 1419 924 imtem3

289 950 383 1030 quare
411 948 499 1014 nobis
521 946 554 1012 in
577 947 627 1012 bis
657 946 824 1012 afferendis
850 946 899 1012 ita
925 948 1114 1013 uersandum
1143 966 1208 1015 esse
1230 950 1334 1014 uisum
1358 952 1420 1028 cst,

288 1052 325 1117 ut
347 1067 399 1116 eos
420 1051 514 1128 locos,
537 1050 591 1133 qui
612 1048 690 1133 ipsis
712 1049 820 1116 uerbis
838 1068 912 1116 cum
924 1048 1086 1118 &catanis
1108 1053 1319 1134 consentiunt
1341 1070 1422 1119 euo-

288 1158 437 1231 taremus‚
472 1153 647 1219 ceterorum
670 1170 731 1233 eos,
766 1170 843 1237 quos
862 1149 1035 1221 uerisimile
1057 1161 1104 1221 eet
1125 1174 1165 1222 eu
1181 1155 1293 1224 Credo
1311 1158 1422 1223 eiueue

288 1256 373 1321 lente
396 1244 654 1323 esse‘deriuatos.
688 1257 727 1324 de
740 1256 885 1341 Prosperi
906 1251 1060 1325 chronicis
1072 1261 1113 1325 ad
1128 1277 1156 1326 a.
1170 1259 1237 1329 488
1256 1258 1422 1345 perductis

288 1360 462 1444 disputauit
488 1358 757 1447 fluiter-hgger,
787 1360 892 1427 Nm
920 1362 1043 1428 Arabo
1063 1365 1080 1429 Ι
1103 1364 1216 1447 (1875)
1240 1384 1271 1448 p.
1295 1364 1336 1430 87
1359 1384 1421 1448 sq.,

288 1463 328 1528 de
348 1462 413 1529 eius
436 1462 660 1547 interpolatore
681 1482 712 1548 p.
736 1463 777 1530 81
794 1482 878 1548 sqq,
907 1467 946 1532 de
966 1465 1152 1532 Marcellino
1181 1465 1306 1533 Comite
1325 1467 1367 1544 (is
1388 1484 1422 1535 a.

288 1566 352 1634 543
379 1568 436 1633 aut
467 1566 574 1649 paullo
601 1572 670 1650 post
703 1568 843 1651 scripsit)
872 1568 946 1635 ibid.
975 1567 1008 1632 II
1030 1567 1142 1654 (1878)
1167 1590 1200 1654 p.
1219 1570 1264 1636 49
1285 1587 1353 1653 sqq.
1380 1606 1422 1625 --

288 1671 327 1736 de
351 1669 472 1737 Isidoro
494 1675 527 1736 et
549 1670 636 1738 Beda
658 1671 729 1737 uide
752 1670 844 1737 inira.
1217 1668 1237 1727 .’

330 1772 367 1838 Iu
390 1774 590 1857 excerptis
613 1773 844 1841 Valerianis
860 1771 884 1856 ¹)
908 1772 1064 1858 prioribus
1088 1777 1122 1858 (5
1142 1774 1194 1843 ab
1216 1776 1270 1843 88.
1291 1773 1342 1843 88.
1366 1778 1423 1844 84.

289 1877 344 1961 38)
371 1876 524 1943 Orosiana
546 1878 699 1962 quaedem
721 1878 841 1960 insunt,
864 1877 896 1943 id
918 1880 1000 1961 quod
1021 1879 1097 1945 olim
1119 1876 1244 1945 uiderat
1264 1878 1424 1946 Henricus

290 1980 435 2047 Valesius
463 2000 561 2066 neque
590 1982 673 2047 reete
700 1999 800 2064 nuper
836 1983 967 2067 negauit
994 1983 1035 2047 H.
1064 1982 1226 2060 lasciuire,
1256 1983 1303 2049 llo
1332 1984 1423 2049 uitae

290 2085 484 2152 Hadriauoae
506 2084 718 2168 scriptoribus.
741 2086 813 2151 Hal.
838 2085 923 2151 1878
944 2106 974 2170 p.
996 2086 1049 2151 49.

249 2204 280 2271 tt
332 2205 382 2271 hd
405 2204 725 2288 Descriptionem
756 2206 882 2270 totius
903 2200 1008 2270 orbis
1026 2204 1233 2287 tripertiti
1256 2226 1291 2271 ex
1313 2206 1424 2274 Crosii

289 2311 310 2375 l.
323 2308 339 2372 1
355 2326 421 2393 cap.
435 2308 455 2373 2
470 2309 577 2392 paucis
592 2306 725 2374 mutatis
738 2305 913 2391 additisque
924 2308 1087 2391 repetitam
1104 2309 1254 2393 adscripsi
1270 2309 1425 2377 lectiones

289 2412 426 2497 integras
455 2410 569 2478 codicis
599 2410 849 2479 vindobonensis
877 2412 935 2479 181
966 2432 991 2477 s.
1022 2409 1102 2478 VIII
1134 2413 1206 2496 (8),
1235 2432 1311 2498 quas
1340 2414 1424 2481 mihi

290 2517 431 2583 onotauit
453 2515 580 2582 Carolus
598 2513 723 2602 Ka'plan
747 2535 774 2581 a.
798 2517 896 2596 1875,
928 2516 1108 2602 reooguonit
1136 2517 1248 2584 deinde
1277 2517 1330 2583 bic
1351 2518 1424 2588 illic

293 2621 449 2686 Henricus
472 2619 664 2707 Sedlmayer.
687 2640 759 2687 mox
781 2620 868 2687 edita
888 2623 964 2687 haec
978 2620 1223 2704 Coemographia
1244 2622 1294 2688 eet
1312 2622 1352 2689 ab
1369 2625 1426 2690 Al.

291 2723 396 2790 ltiesio
424 2724 458 2788 in
482 2721 594 2810 (iacgr.
624 2725 701 2791 min.
729 2725 839 2808 (1878)
869 2743 899 2808 p.
929 2723 1080 2791 90-103
1107 2742 1143 2790 ex
1170 2728 1278 2792 eodem
1301 2726 1426 2793 Vindo-

290 2825 419 2894 honcnsi
444 2831 476 2892 et
501 2826 567 2910 (qui
591 2828 713 2893 saeculo
736 2825 766 2891 X
788 2824 938 2893 tribuitur
960 2846 979 2894 a
1000 2827 1339 2910 Riosio)Laurentiano.

331 2945 607 3014 Cassiodorius
630 2947 796 3014 Senator
818 2945 864 3012 De
894 2947 1093 3016 institutione
1122 2948 1302 3016 diuinarum
1332 2949 1425 3014 litte·

289 3065 395 3114 rarum
413 3049 452 3115 17
472 3039 553 3116 iuter
568 3049 646 3116 alios
662 3050 825 3117 historicos
849 3050 1041 3119 Christianos
1057 3052 1200 3118 Orosium
1222 3053 1426 3119 commenda·

289 3154 352 3230 uit;
376 3151 416 3218 ad
437 3152 534 3219 libros
556 3151 621 3219 XII
644 3173 719 3239 quos
742 3155 788 3220 De
811 3156 929 3242 origiue
955 3157 1138 3242 actibusque
1168 3155 1319 3223 Getarum
1343 3157 1424 3222 scri·

289 3251 398 3340 psit¹)‚
417 3253 560 3323 Oroslum
575 3257 734 3324 adhibuit:
750 3260 902 3342 quaedam
919 3259 990 3327 inde
1003 3264 1146 3343 excerpta
1161 3257 1244 3344 apud
1259 3257 1425 3325 Iordanem

289 3359 450 3436 habemus,
474 3360 559 3426 aliud
590 3381 627 3428 ex
657 3380 715 3427 sua
737 3364 801 3447 ipse
819 3363 955 3430 historia
982 3363 1075 3429 alieri
1097 3361 1263 3429 Variarum
1287 3364 1350 3429 XII
1379 3363 1427 3432 20

291 3461 339 3540 (cl.
365 3460 452 3531 Oros.
480 3460 542 3529 VII
565 3465 606 3531 39
629 3465 647 3550 8
670 3465 781 3548 3-6).

333 3584 542 3652 Iordanem
565 3586 600 3653 in
623 3585 741 3654 Geticis
764 3586 868 3672 ipsum
882 3588 986 3654 Crosio
1008 3607 1099 3654 usum
1122 3607 1191 3654 esso
1214 3587 1259 3670 (id
1281 3587 1362 3672 quod
1384 3591 1424 3653 de

289 3689 439 3756 Romanis
462 3691 596 3772 constat)
629 3692 825 3776 negauerunt
853 3692 942 3757 uelut
964 3690 1108 3786 Sohirren
1130 3693 1162 3756 et
1184 3687 1361 3774 Bessslllp,
1390 3694 1424 3756 at

393 3899 411 3960 ¹)
431 3895 472 3950 cd.
491 3894 526 3949 ab
544 3893 749 3952 Gardthauseno
766 3899 828 3966 poet
841 3895 1016 3950 Ammiannm
1029 3893 1111 3964 (Llpe.
1125 3894 1203 3960 1875)
1221 3895 1251 3950 ΙΙ
1263 3911 1288 3969 p.
1302 3895 1355 3952 280
1364 3912 1425 3965 sqq.

393 4000 414 4067 ²)
433 3999 473 4054 Iis
490 3996 642 4054 (lotherum
658 3999 803 4056 historiam
819 3999 944 4068 perduxit
960 3999 995 4055 ad
1012 4002 1119 4066 tempus
1136 3997 1209 4054 iuter
1226 4013 1312 4054 anuos
1328 3999 1381 4054 818
1396 4001 1426 4054 ct

288 4084 337 4138 521
357 4085 490 4153 positum:
509 4085 620 4154 Vrenor,
640 4085 788 4142 auoodotou
806 4085 917 4140 Holderi
935 4085 1011 4154 hips.
1029 4084 1096 4138 1877
1114 4098 1140 4153 p
1159 4083 1217 4157 74..

393 4188 413 4255 ¹)
432 4188 571 4252 Sohirmn,
597 4188 630 4244 de
646 4191 753 4244 ratione
769 4205 797 4258 q.
814 4189 925 4243 interl.
942 4190 971 4242 et
988 4186 1108 4243 Cassiod.
1125 4185 1284 4242 intercedat
1307 4187 1424 4255 llorpati

290 4274 371 4342 185&
389 4274 492 4330 Boaeell
509 4277 538 4330 in
552 4275 657 4331 Erochii
675 4279 703 4330 et
720 4275 834 4331 Gruberi
852 4275 916 4330 Eue.
929 4291 951 4329 a.
965 4291 992 4330 u.
1008 4274 1118 4339 Getam
1137 4273 1206 4329 1862
1222 4286 1250 4342 p.
1266 4273 1315 4328 106
1333 4273 1384 4328 ool
1398 4274 1424 4328 8.
