2934 4975
257 363 324 438 592
584 358 684 414 Pauli
700 358 816 417 Orosii
834 357 1064 414 Historiarum

306 540 342 605 X.
363 537 604 610 Quemadmodum
618 535 695 597 Nero
711 551 858 598 successor
879 533 1005 597 infandis
1021 533 1180 609 sceleribus
1195 534 1393 609 uniuersisque

368 641 487 716 flagitiis
508 641 613 717 planus
634 639 815 700 beatissimos
838 637 984 714 apostolos
1000 639 1117 700 Petrum
1139 655 1173 699 ao
1187 637 1309 698 Paulum
1329 638 1392 712 pri-

367 763 430 806 mus
447 743 609 804 Christiani
621 742 749 805 nominis
765 741 897 804 inimicus
913 741 1059 819 occiderit,
1075 759 1204 816 quasque
1218 744 1393 816 temporibus

365 849 456 923 ipsius
478 847 624 908 contraria
645 846 817 919 reipublicae
839 847 870 906 iu
895 845 1017 908 diuereis
1045 846 1203 920 prouinciis
1224 845 1392 918 acciderint,

367 954 401 1012 de
423 951 604 1024 eiusdemque
627 949 712 1025 digno
736 949 796 1010 suis
818 948 930 1012 meritis
953 951 1041 1010 exitu.
1065 945 1100 1026 [7
1116 956 1131 1018 Η
1148 945 1179 1028 1]
1416 959 1430 999 ⁵

292 1075 342 1135 XI.
366 1072 445 1142 Quod
473 1081 652 1133 successores
674 1070 735 1130 eius
761 1069 922 1130 infeliciter
944 1069 1127 1144 breuItarque
1147 1085 1248 1143 parma
1271 1067 1392 1142 amplius

366 1189 452 1249 qnam
484 1175 554 1237 anni
596 1173 681 1233 unius
713 1175 807 1248 spatio
836 1175 898 1234 tres
931 1173 1046 1248 tyranni
1078 1171 1110 1232 id
1137 1174 1182 1232 est
1202 1171 1295 1232 dalbs
1321 1173 1391 1232 obbo

365 1278 500 1340 Vitellius
533 1275 718 1349 regnamnint
753 1277 784 1336 et
805 1293 877 1349 quae
899 1275 930 1336 in
951 1278 1077 1336 auiremo
1100 1275 1178 1336 uitae
1200 1273 1335 1336 Vitellius
1358 1276 1392 1333 de

366 1382 536 1456 qmbusdam
573 1380 755 1442 senatoribus
793 1380 959 1453 ciuibnsqns
996 1379 1150 1440 crudeliter
1184 1379 1215 1438 iu
1250 1377 1391 1451 Capitolio

365 1485 500 1559 gesserit.
525 1483 558 1565 [8
573 1493 589 1553 5
605 1482 635 1563 1]
1402 1497 1428 1536 ιι

277 1609 341 1668 ΧΠ.
366 1607 445 1678 Quod
461 1606 641 1680 Vespasiano
663 1604 834 1679 imperatore
856 1603 985 1678 legitimo
1007 1602 1175 1662 succedente
1189 1601 1391 1676 Hierusolyma
1449 1665 1452 1672 ,

364 1707 452 1770 fuerit
473 1711 591 1770 obsessa
611 1725 663 1782 por
689 1707 786 1768 Titum
808 1707 870 1767 eins
893 1706 983 1766 fllium
1011 1707 1096 1784 atque
1129 1721 1230 1766 euersa
1258 1706 1388 1780 quodque

365 1816 419 1873 snb
440 1813 569 1874 eiusdem
591 1811 708 1885 imperio
722 1823 853 1884 ‘magnae
876 1811 937 1870 sint
958 1810 1120 1883 multaeque
1153 1809 1317 1883 prouinciae
1339 1807 1389 1866 ad-

365 1920 481 1977 iunctae
502 1914 684 1989 reipublicae.
707 1911 742 1992 [9
759 1911 820 1992 51]
1215 1907 1222 1922 ’

261 2039 340 2098 XIII.
363 2035 404 2096 De
426 2035 552 2096 eiusdem
567 2033 627 2093 'liti
649 2036 823 2095 successoris
846 2049 879 2092 ae
901 2031 955 2094 fllii
979 2033 1133 2093 dominatu
1148 2029 1305 2105 tranquille
1327 2031 1426 2106 qui-rs

363 2143 426 2200 dem
459 2142 523 2199 acto
556 2138 607 2197 sed
641 2138 768 2198 breuiter
801 2137 953 2197 terminato
987 2153 1038 2196 nec
1067 2153 1122 2196 uon
1146 2134 1234 2195 Vrbis
1261 2137 1290 2195 et
1313 2133 1390 2193 Biuii

363 2241 467 2302 moniis
490 2243 624 2301 damnoso
648 2239 837 2301 circumiectis
860 2239 931 2300 locis
954 2237 1097 2300 incendio.
1121 2235 1155 2317 [9
1171 2245 1186 2306 t
1202 2235 1250 2316 ιι]

262 2363 357 2424 XIIII.
381 2361 622 2434 Quemadmodum
646 2360 827 2421 Domitianus
850 2359 939 2422 frater
962 2377 1164 2434 successorque
1181 2359 1241 2419 Titi
1263 2357 1388 2420 crudeli·

362 2466 406 2525 ter·
440 2463 580 2540 Impieque
606 2463 806 2539 rempublicam
836 2464 942 2525 rexerit
964 2467 993 2524 et
1024 2466 1098 2539 qnod
1132 2461 1243 2537 prImus
1264 2459 1388 2522 Neronis

363 2568 490 2629 Imitabor
519 2566 657 2629 ecclesias
680 2567 788 2629 Christi
810 2568 981 2642 grauissime
1004 2566 1091 2628 suerii
1120 2568 1296 2641 persecutus,
1334 2565 1425 2625 subao
1458 2611 1462 2622 .

365 2690 419 2747 quo
444 2673 531 2732 etlam
553 2672 738 2732 beatissimus
753 2672 897 2731 Iohannes
920 2672 1066 2747 apostolus
1080 2670 1109 2729 in
1126 2670 1284 2743 Pampbum
1307 2668 1387 2727 insu·

362 2778 419 2836 lam
442 2776 490 2836 diu
511 2776 652 2837 manserit
674 2777 827 2850 relegatus,
852 2778 881 2835 et
897 2775 931 2834 de
948 2774 995 2854 iis,
1014 2792 1087 2849 qnae
1105 2774 1285 2835 incenatum
1301 2770 1388 2832 Vrbis

363 2880 506 2950 exercuit,
541 2880 681 2953 slmnlqne
714 2880 866 2939 aduersum
894 2879 989 2938 Dauos
1024 2878 1109 2951 atque
1133 2878 1288 2937 Germanos
1318 2875 1388 2935 duce

362 2982 451 3042 Fusco
474 3000 547 3055 qnae
576 2983 687 3057 proelia
717 2980 876 3071 infeliciter
907 2981 1116 3055 crudeliierquo
1137 2995 1241 3052 magno
1263 2978 1388 3039 militum

362 3085 488 3159 gesserit
510 3086 692 3156 detrimento,
716 3086 750 3145 de
769 3084 964 3161 uilissimoqus
979 3084 1040 3143 eins
1057 3084 1185 3144 interitu.
1210 3078 1267 3161 [10
1283 3088 1298 3151 Η
1314 3076 1343 3158 11
1397 3101 1424 3141 ss

272 3180 336 3264 nv.
362 3204 443 3275 Quod
458 3207 558 3265 Nerua
580 3222 728 3268 successor
751 3206 843 3281 ipsius
867 3205 949 3266 breui
965 3207 1090 3279 tempore
1106 3204 1197 3265 fuerit
1212 3182 1386 3264 dominatus.

360 3304 416 3387 [11
433 3316 449 3377 c
465 3305 493 3387 1]

311 3576 536 3645 lquemadnrodc
637 3578 655 3631 2
672 3577 785 3647 flagiciis
805 3578 818 3648 Η
840 3576 1012 3632 beatissimus
1030 3576 1167 3646 apostolus
1187 3575 1199 3646 ΗΗ
1222 3573 1319 3645 primis

258 3662 414 3716 3inimIcos
436 3662 449 3732 Η
471 3663 586 3732 quiueqz
688 3662 880 3719 iacciderunt
983 3662 1049 3717 bdo
1067 3662 1166 3717 addidi
1268 3659 1387 3715 einflli-

258 3748 326 3802 cIter
427 3748 443 3801 l
469 3749 519 3803 tris
551 3750 564 3818 Η
594 3750 676 3818 galus
778 3751 796 3805 8
821 3766 851 3821 q:
884 3750 896 3819 ΗΗ
926 3749 1052 3805 netellius
1154 3748 1172 3802 9
1199 3747 1340 3803 crudiliter
1364 3746 1377 3815 ΗΗ

257 3832 387 3901 capitulio
481 3836 512 3889 11
531 3835 680 3891 succidente
692 3836 867 3892 hierusolima
960 3836 992 3893 12
1009 3852 1040 3891 ac
1082 3876 1086 3890 ,
1129 3836 1165 3891 15
1182 3834 1230 3889 biti
1248 3834 1269 3901 (i
1285 3833 1333 3900 pisa
1351 3834 1384 3887 aba

257 3935 312 3975 rae.
331 3936 364 3975 m.
377 3926 402 3989 1,
419 3937 455 3977 ee
472 3937 491 3974 u
506 3920 587 3989 sort.)
605 3938 766 3979 successores
869 3926 903 3979 16
921 3922 990 3979 binii
1006 3924 1045 3979 sic
1142 3922 1177 3976 18
1193 3916 1386 3989 quemadmodo

257 4008 423 4063 domicianus
445 4008 458 4078 Η
479 4008 619 4063 crudiliter
722 4010 758 4067 22
781 4011 904 4067 imitatur
1006 4010 1039 4065 21
1059 4006 1182 4063 iohannis
1204 4006 1217 4077 Η
1239 4004 1386 4075 pampburu

256 4097 296 4151 sic
324 4094 337 4165 ΗΗ
366 4093 455 4149 insula
566 4095 599 4149 22
617 4096 749 4165 religatus
786 4098 799 4167 Η
835 4096 867 4151 de
885 4094 983 4151 addidi
1020 4095 1033 4166 ΗΗ
1066 4095 1141 4163 bisq:
1175 4093 1187 4163 ΗΗ
1209 4094 1317 4159 ¹senatu

256 4182 290 4236 23
307 4179 375 4236 dach
397 4181 410 4250 ΗΗ
432 4196 582 4251 germanus.
685 4182 719 4236 24
734 4198 766 4252 q:
790 4182 803 4253 Η
825 4183 961 4237 iudlieiber
979 4180 1170 4249 crudiliterqne
1187 4194 1318 4249 magum

257 4266 458 4323 cccccccccc
