2934 4975
283 330 346 397 638
727 329 828 385 Psuli
851 330 965 385 Orosii

263 502 475 571 sfirmebit
496 520 563 568 uos
586 520 708 586 usque
723 501 765 569 in
780 502 902 569 linem
918 503 1001 569 sine
1018 501 1195 571 crimine.
1218 520 1289 569 ecce
1305 504 1416 569 Paulus

291 624 369 691 quos
390 606 571 671 testimonio
593 622 649 671 suo
663 604 810 688 usquein
825 605 920 672 finem
936 606 1099 673 confirmet
1114 624 1182 672 esse
1196 606 1263 673 sine
1280 606 1416 685 crimine,

289 727 362 775 mox
377 710 503 776 eosdem
518 709 552 776 in
567 711 677 775 erdem
693 710 827 791 epistula
843 708 972 791 corripit
987 710 1140 777 scribens:
1163 711 1240 777 ism
1261 710 1417 793 quidem

289 814 444 880 omnino
466 811 933 891 delictumestiuuobis,
958 812 1417 895 quodiudicishebestis

287 917 395 982 inter
427 935 505 983 uos.
541 916 601 982 sub
631 934 693 982 uno
722 916 816 983 titulo
851 916 1025 999 iisdemque
1058 917 1195 999 personis
1228 934 1298 983 ecce
1333 916 1447 982 sines

289 1022 470 1101 crimine,
504 1038 574 1087 ecce
603 1019 812 1087 delictum:
846 1022 929 1087 unde
951 1021 1103 1101 declarat,
1135 1038 1197 1087 non
1219 1020 1329 1085 stetim
1352 1020 1417 1085 sine

260 1124 401 1190 euenere
423 1126 527 1192 sdseri
550 1143 643 1207 quem
665 1124 774 1191 uideas
797 1126 865 1191 sine
887 1124 1019 1191 crimine
1041 1112 1207 1190 nominari.
1237 1124 1317 1190 dixit
1334 1124 1418 1189 enim

286 1228 320 1291 et
352 1225 505 1295 Dominus
540 1229 645 1296 Iesus:
682 1230 795 1297 uenit
830 1230 1027 1297 Iohannes
1064 1246 1139 1295 non
1175 1228 1416 1295 manducans

286 1348 414 1413 neque
438 1330 590 1399 bibens.
624 1334 796 1400 etiterum
818 1332 971 1416 seriptum
994 1334 1056 1398 est:
1081 1350 1171 1399 esce
1191 1330 1308 1398 illius
1332 1335 1416 1397 eret

285 1434 444 1501 locuste
484 1435 524 1501 et
561 1438 637 1504 mel
668 1436 874 1505 siluestre.
920 1437 1072 1519 numquid
1105 1454 1142 1503 ex
1173 1435 1326 1503 alterutro
1362 1438 1444 1499 eutu

283 1538 437 1606 lohannes
469 1558 531 1607 non
563 1538 769 1607 manducasse
802 1545 857 1607 eut
879 1538 1032 1607 Dominus
1063 1538 1212 1607 fefellisse
1242 1538 1413 1605 credendus

199 1669 222 1711 r.
237 1642 357 1708 moesti
378 1643 433 1709 sed
456 1662 474 1708 e
496 1646 651 1711 contrario
673 1646 706 1709 in
729 1647 860 1727 utroque
884 1644 1001 1709 ueritus
1026 1642 1100 1726 ¹est,
1122 1642 1198 1727 quic
1211 1644 1245 1709 et
1259 1640 1411 1707 Iohannes

282 1747 317 1812 in
338 1748 545 1814 substantium
568 1750 671 1814 cernis
693 1768 784 1815 escee
804 1748 923 1831 aliquid
946 1746 1115 1831 sumpserit
1138 1746 1172 1812 et
1192 1764 1318 1811 rursum
1339 1764 1412 1811 uere

282 1850 395 1915 dixerit
416 1852 571 1919 Dominus
592 1852 627 1918 in
649 1852 836 1931 Iohannem,
867 1870 924 1919 nec
955 1868 1026 1917 cum
1053 1850 1165 1917 ceteris
1188 1868 1243 1914 neo
1265 1848 1297 1914 id
1320 1868 1411 1915 mnn-

282 1952 410 2021 ducesse
433 1958 515 2038 quod
537 1959 665 2036 ceteros,
689 1958 825 2040 probans
847 1974 881 2021 se
900 1954 1138 2040 Scripturosque
1159 1954 1283 2019 sencias
1306 1953 1440 2019 occul-re

231 2062 270 2119 10
279 2059 349 2122 tote
369 2075 460 2141 ssepe
474 2060 607 2127 scientie
622 2061 681 2128 Dei
696 2060 859 2127 hominum
874 2059 1077 2127 manifestere
1091 2057 1274 2123 sententies.
1297 2073 1409 2140 quem·

279 2162 386 2227 obrem
418 2162 625 2247 obsequenter
654 2164 822 2248 accipitur,
856 2164 1111 2247 quotiescumque
1134 2159 1296 2243 Scriptum
1324 2177 1408 2226 com·

278 2269 430 2333 memoret
453 2272 484 2333 et
506 2268 657 2334 iustum
678 2272 712 2335 et
733 2269 820 2334 sine
841 2267 1041 2351 querella,
1068 2284 1123 2350 pro
1144 2264 1236 2349 coptu
1258 2262 1408 2345 temporis

277 2368 311 2433 et
325 2370 496 2436 secundum
511 2372 628 2437 iudicis
641 2371 805 2439 hominum
820 2371 892 2457 dici,
907 2389 968 2438 non
980 2370 1154 2437 secundum
1165 2367 1244 2435 illud
1256 2366 1407 2433 ultimum

276 2470 429 2540 iudicium
444 2474 512 2554 Dei,
528 2474 578 2542 cui
593 2475 810 2542 uniuersomm
830 2474 1019 2542 conscientie
1039 2472 1195 2540 subicitur
1216 2474 1247 2538 et
1267 2470 1437 2558 linguose

276 2578 445 2643 omnium
467 2579 739 2646 confitentur.v

225 2699 265 2761 22
319 2699 459 2784 Denique
482 2701 601 2784 liquido
618 2702 778 2786 intellege,
802 2703 874 2784 quic
893 2700 1074 2767 iustificetio
1089 2698 1146 2765 Iob
1162 2699 1404 2783 passionumque

275 2801 341 2868 sius
371 2804 405 2868 in
434 2822 559 2870 curnem
591 2804 751 2888 permissio
785 2805 914 2888 procido
949 2803 1077 2870 oonsilio
1100 2802 1159 2868 Dei
1194 2800 1403 2868 confusionem

273 2906 391 2973 dioboli
413 2909 586 2991 arrogantis
607 2911 733 2992 operate
755 2911 812 2988 est,
836 2911 881 2992 ut,
905 2909 981 2974 dnm
1003 2909 1095 2974 homo
1118 2909 1155 2974 de
1177 2906 1293 2971 honore
1315 2922 1402 2970 ores·

372 3177 514 3218 lucrosus
549 3164 650 3221 icor.
663 3169 689 3230 1,
702 3167 761 3230 c‚7
845 3163 950 3220 suec.
963 3167 987 3230 7,
1000 3165 1036 3219 33
1122 3161 1331 3228 exortunr

269 3245 361 3302 201⁸.
379 3252 423 3313 45,
442 3251 496 3316 23;
513 3249 591 3306 Rom,
609 3254 652 3318 14,
672 3255 719 3320 11;
738 3250 863 3320 Philipp.
880 3254 907 3316 2,
925 3253 957 3304 11

318 3488 424 3558 3eple
447 3489 558 3542 ΣΦΧΨ
657 3491 802 3546 4iuditie
828 3494 853 3544 Τ
952 3489 1151 3560 thiedemquc
1176 3489 1332 3543 ΣἪΧΨ

266 3583 283 3638 6
301 3584 411 3638 crimine
431 3587 528 3653 (supra
546 3601 561 3638 e
577 3589 644 3653 rae.)
666 3585 696 3638 Ψ
722 3586 734 3656 ΙΙ
762 3583 892 3640 delictum
911 3587 1006 3655 (supra
1024 3587 1038 3639 t
1054 3587 1122 3651 ruo.)
1145 3585 1176 3637 Ψ
1261 3585 1293 3641 ..i
1312 3585 1396 3639 asseri

266 3677 412 3729 Μ’ΧΨ
437 3682 462 3745 (s
486 3695 521 3733 ec
539 3697 563 3733 ει
580 3695 650 3735 corr.
670 3679 729 3734 uio.
756 3679 796 3747 Ψ)
900 3681 933 3734 10
959 3680 1083 3734 siluestre
1111 3683 1150 3747 (re
1167 3695 1202 3735 ec
1219 3684 1300 3746 corr.)
1328 3682 1354 3733 Φ
1374 3681 1388 3750 ΙΙ

265 3771 387 3839 nunquid
406 3773 437 3824 Ψ
454 3773 467 3843 ΙΙ
486 3774 545 3843 eut]
565 3776 594 3829 at
611 3775 650 3826 X·
755 3775 788 3830 15
805 3775 1004 3845 scribturesque
1021 3777 1047 3828 Y
1079 3777 1254 3845 scripturos„
1273 3781 1315 3847 iq·
1334 3776 1354 3831 ι’.
1373 3791 1396 3830 e.

263 3882 316 3935 qne
333 3883 402 3922 eras.
415 3868 485 3937 uid.)
504 3872 533 3922 X
565 3871 710 3940 scripturus
727 3871 766 3924 ΣΙ
869 3872 902 3926 18
920 3870 1028 3942 querele
1045 3871 1149 3924 EN
1168 3871 1180 3942 ΙΙ
1204 3871 1294 3941 coptu]
1313 3873 1396 3938 ceput

263 3959 303 4011 Σι
407 3961 440 4014 19
462 3965 608 4017 secundum
629 3964 731 4020 iudicio
754 3965 890 4020 hominnm
915 3967 968 4021 dici
997 3966 1060 4036 non]
1085 3965 1229 4019 secuudum
1253 3966 1394 4020 hominurn

263 4054 410 4121 (hominem
428 4059 453 4124 c)
476 4057 530 4112 dici
552 4075 605 4112 non
630 4059 689 4124 Ψο,
734 4077 785 4116 om.
806 4063 913 4133 Dsstp
940 4061 953 4131 ΙΙ
981 4061 1050 4117 illud
1068 4079 1118 4117 om.
1142 4064 1170 4114 Σ
1273 4067 1306 4120 21
1332 4085 1395 4123 con-

261 4148 382 4219 fiteatur]
406 4152 500 4204 NP
537 4153 682 4208 confltetur
703 4155 831 4212 Zfflfo
931 4157 965 4210 22
982 4157 1109 4229 intellige
1128 4159 1158 4210 Ψ
1261 4161 1296 4216 23
1319 4179 1393 4232 prce·

261 4244 353 4298 missio
371 4247 400 4297 Σ
438 4247 549 4316 pmissio
565 4249 598 4304 tre
614 4265 670 4305 rus.
688 4253 707 4304 5
723 4257 776 4306 aut
792 4254 810 4306 6
827 4251 878 4307 iic.
899 4253 930 4304 Ψ
