2934 4975
246 357 311 423 574
567 351 668 406 Pauli
685 350 798 406 Oroaii
818 349 1048 406 Historiarum

275 533 332 593 111.
355 530 437 602 Quod
455 526 561 603 Pyrrhi
587 527 679 587 morte
708 525 845 599 conperta
866 523 1017 586 Tarentini
1046 525 1198 586 aduersum
1231 525 1381 600 Romanos,

357 630 640 706 Carthaginiensium
669 627 725 688 sibi
754 629 889 689 adiuncto
916 626 1037 700 solacio,
1071 628 1176 688 iterum
1202 645 1283 690 arma
1305 645 1382 688 sum·

359 737 476 807 serunt,
510 735 544 794 iu
571 749 629 810 qua
652 733 741 793 otiam
764 749 861 808 pugna
881 733 1015 808 superati
1036 733 1121 806 sunt;
1155 733 1261 807 quibus
1283 731 1384 794 diebus

356 857 461 913 magna
483 839 588 898 Romae
609 836 718 897 luerim
738 836 802 896 uisa
822 835 966 910 prodigia.
991 836 1025 910 [3
1040 843 1055 904 5
1072 836 1101 911 1]

262 943 334 1005 IIII.
356 943 398 1003 De
421 942 504 1016 bello,
526 942 559 1001 iu
580 957 636 1015 quo
658 939 811 1001 aduersum
829 940 962 1000 Picentes
986 942 1056 1002 duce
1079 929 1245 1015 Sempronio
1267 939 1387 1001 consule
1410 957 1423 996 5

359 1048 528 1107 dimicantes
550 1046 672 1105 Romam
704 1045 830 1106 uictores
863 1044 978 1119 quidem
1006 1045 1058 1106 sed
1086 1059 1151 1106 oum
1173 1047 1272 1119 strage
1294 1043 1387 1104 multa

358 1150 484 1211 militum
509 1149 685 1223 extiterunt,
708 1152 739 1208 et
765 1150 840 1224 quod
868 1149 954 1224 plura
982 1165 1029 1210 ses
1056 1147 1169 1211 fuerim
1194 1151 1296 1210 acrae
1317 1164 1387 1222 pro-

359 1255 447 1328 digia.
472 1255 505 1328 [4
521 1262 536 1322 ξ
551 1256 580 1328 5]
872 1268 875 1278 ⁴
1181 1280 1185 1289 .

300 1359 336 1420 V.
358 1359 438 1430 Quod
454 1357 653 1418 Vulsinienses
667 1357 699 1416 in
716 1358 871 1418 libertinos
894 1373 974 1431 suos,
997 1357 1049 1433 qui
1064 1372 1113 1417 ees
1128 1356 1199 1418 urbo
1215 1355 1386 1432 coningibus

360 1465 390 1524 et
417 1461 557 1522 facultate
589 1461 790 1536 priuaueraut,
828 1465 964 1536 acceptae
998 1461 1106 1523 ultores
1138 1460 1261 1522 iniuriae
1296 1460 1389 1520 adiuti
1398 1475 1424 1516 re

358 1565 516 1627 seueritate
537 1565 713 1641 reipublicae
734 1563 862 1625 uiriliter
884 1565 1053 1626 extiterumt.
1078 1565 1189 1642 [tta]

282 1669 332 1732 Vl.
355 1670 398 1729 De
420 1670 598 1744 pestilentie,
622 1687 696 1745 quae
718 1672 794 1745 apud
809 1670 926 1731 Romam
949 1669 1125 1746 grauissima
1143 1669 1336 1743 conflagrauit
1357 1668 1389 1727 in
1440 1671 1443 1678 ’

357 1777 482 1845 tautum
499 1773 611 1849 utplus
633 1773 744 1847 perisso
760 1774 857 1848 pepuli
879 1789 964 1848 quam
986 1772 1162 1848 superfuisse
1183 1771 1336 1844 referatur,
1358 1772 1388 1830 et

361 1878 557 1952 Capparoniae
590 1877 714 1952 uirginis
747 1876 876 1937 Vestalis
909 1876 1022 1938 incestu
1055 1876 1199 1950 simulque
1221 1874 1387 1949 suspendio,

359 1997 415 2055 qno
437 1981 530 2041 uitam
551 1980 687 2039 adulterii
709 1979 844 2041 conuictu
864 1979 970 2040 finiuit
996 1983 1031 2056 [ὁ
1046 1987 1062 2048 s
1078 1981 1109 2054 o]
1398 1993 1423 2032 ιε

269 2084 338 2145 Vll.
360 2085 402 2144 De
435 2083 512 2144 bello
533 2083 827 2158 Carthaginiensium,
857 2087 932 2160 quod
966 2083 1120 2144 infeliciter
1152 2084 1255 2144 mutua
1268 2079 1387 2142 dicolos

358 2187 520 2261 Sardoaque
553 2189 721 2262 gesseruut3
755 2187 805 2248 ubi
831 2186 919 2248 etium
952 2187 1033 2248 urbis
1064 2187 1156 2261 ipsius
1182 2201 1233 2246 ror
1260 2184 1387 2245 Himilco

358 2289 533 2352 intolerabili
554 2290 724 2364 pestilentia
745 2291 838 2350 totum
859 2307 950 2366 paene
972 2289 1069 2352 morbo
1086 2289 1216 2352 amiserit
1230 2287 1386 2350 exercitum

359 2409 566 2467 regressusque
582 2394 786 2468 cambaginem
809 2392 906 2468 gladio
929 2397 1051 2456 mortem
1066 2393 1123 2454 sibi
1138 2393 1201 2470 ipse
1217 2392 1387 2455 conciuerit.

362 2481 394 2555 [6
411 2481 471 2555 52]
1397 2508 1424 2548 so

258 2585 339 2645 VIII.
358 2584 401 2645 De
423 2582 578 2645 Hannonis
602 2584 750 2645 cuiusdam
773 2584 1018 2659 Carthaginiensis
1041 2582 1238 2659 potentissimi
1260 2582 1388 2643 hominis

359 2688 391 2749 in
425 2686 504 2749 eines
538 2705 604 2748 suos
637 2687 777 2763 inpietate
807 2690 852 2749 uel
877 2688 984 2748 scolere
1007 2686 1151 2762 dignoque
1175 2686 1237 2747 suis
1260 2686 1388 2746 moribus

359 2792 437 2851 exitu
453 2794 481 2851 et
494 2792 657 2853 Hamilcare
674 2790 911 2869 Carthaginiensi
927 2792 988 2852 uiro
1004 2792 1128 2853 facundo
1144 2792 1179 2851 ad
1195 2790 1388 2851 Alexandrum

359 2912 412 2969 per·
441 2894 536 2957 dolum
566 2894 652 2955 misso
674 2912 864 2971 regressoque
887 2896 923 2955 ed
945 2895 1063 2971 propria
1084 2896 1151 2970 post
1174 2896 1293 2955 mortem
1317 2895 1388 2956 Ale·

359 2999 463 3143 xgndri
486 3000 578 3059 ueluti
600 3000 705 3059 ciuium
728 2998 844 3059 inimico
868 2998 964 3059 esuis
987 3016 1039 3073 per
1060 2998 1201 3058 inuidiam
1224 2995 1422 3061 interfectore

445 3097 477 3145 16

258 3086 429 3246 ἮΙΙΙ.[1)ος
454 3085 610 3246 Si]oulorum
643 3188 800 3247 certamine
833 3188 863 3246 et
895 3189 993 3262 strage
1016 3187 1187 3259 Poenorum,
1220 3200 1305 3260 quam
1337 3203 1389 3261 per

361 3288 548 3362 Agathoclem
564 3288 679 3350 Siciliae
694 3306 792 3363 regem
807 3290 838 3348 iu
853 3289 982 3350 Africam
1004 3306 1039 3350 en
1054 3288 1174 3357 oonsilio
1190 3290 1389 3350 transmetum

360 3392 614 3467 Carthaginienses
636 3410 694 3455 nou
716 3394 898 3455 mediocriter
921 3394 967 3455 sui
990 3394 1131 3455 exereitus
1148 3393 1302 3454 amissione
1318 3412 1388 3456 sen-

310 3575 326 3629 1
343 3575 411 3645 pirri
429 3576 449 3644 (i
463 3576 547 3645 pstor
559 3574 764 3631 ectromate
776 3577 853 3643 mat.)
874 3576 886 3646 ΙΙ
906 3590 1031 3631 romanus
1045 3576 1196 3645 chartagini
1215 3576 1319 3631 ensium
1340 3578 1388 3643 (ut-

257 3666 318 3714 tera
335 3660 533 3730 istutimoce)
628 3662 741 3716 5dnoes
760 3663 801 3715 ost
818 3662 911 3730 pronio
1008 3662 1191 3717 tentetirunt
1286 3664 1319 3718 11
1338 3664 1389 3719 rei·

256 3746 363 3814 publice
461 3746 670 3816 superintensio
771 3748 805 3801 14
822 3748 1031 3816 incestu‚seimul
1050 3750 1248 3819 (interpunctio
1265 3766 1301 3805 eu
1318 3766 1389 3807 corr.

256 3837 469 3900 nc1‚atomea
485 3848 543 3887 aea
560 3831 659 3902 dotto)
761 3834 933 3889 15a1u1eerii
1032 3834 1065 3889 16
1082 3835 1347 3905 carthageniensium
1367 3838 1380 3905 tl

256 3918 396 3973 infiliciter
414 3919 427 3989 ΙΙ
447 3920 547 3974 deuius
651 3920 683 3973 17
701 3921 816 3975 himelco
920 3922 954 3975 18
971 3921 1142 3977 intolerabile
1165 3922 1179 3993 ΙΙ
1201 3938 1265 3991 poue
1288 3922 1300 3993 Η
1324 3924 1389 3977 ami·

256 4005 294 4059 sit
388 4008 422 4061 19
440 4006 561 4074 gladium
659 4007 692 4060 21
710 4009 744 4061 ia
760 4007 820 4076 ipse
843 4008 939 4063 Oresio
956 4022 1014 4063 urm
1031 4013 1097 4063 caes
1114 4012 1133 4064 6
1151 4008 1219 4081 §15
1236 4008 1301 4065 isaeo
1313 4010 1390 4065 Darii

256 4097 345 4146 esent
363 4093 377 4162 ΙΙ
396 4092 625 4161 chartageuieuais
710 4093 857 4162 22piatato
942 4094 978 4149 23
991 4095 1116 4149 amilcare
1131 4096 1144 4165 ΙΙ
1160 4094 1390 4165 eirarthaginisusi

255 4192 319 4233 uere
335 4178 349 4248 ΙΙ
369 4177 538 4232 alexandrum
623 4178 776 4234 ttiuuidia
861 4181 1162 4249 28trausueotu(uuit.
1176 4182 1281 4239 taem.
1294 4186 1322 4250 1)

255 4264 290 4319 29
307 4264 538 4334 chartagiuienses
561 4265 574 4335 ΙΙ
596 4266 660 4334 uoul
678 4281 730 4320 nou
751 4265 784 4321 ds
803 4267 828 4335 (e
846 4266 940 4321 statim
959 4282 993 4321 ec
1009 4268 1030 4333 i)
