2934 4975
242 343 305 410 568
565 337 667 393 Penii
681 335 796 392 Orosii
813 335 1041 390 Historiarum

637 503 816 564 cerlrvne
834 502 935 560 trem
951 501 988 558 ll.

305 637 331 700 L
354 637 398 696 De
426 633 525 708 regnis
549 635 686 708 quattuor
707 631 796 692 Orbis
817 629 960 702 uniuersi,
991 645 1065 705 quae
1088 627 1302 703 impensatione
1324 625 1378 685 Dei

351 754 490 800 successu
519 739 680 811 temporum
708 733 884 810 principalia
911 749 965 809 per
992 732 1093 794 mundi
1119 733 1218 807 partes
1240 731 1378 803 quattuor

352 842 514 916 steterunt,
535 841 567 900 id
588 841 635 902 est
655 839 847 915 Babylonium
869 837 1007 914 primum,
1029 836 1130 899 exinde
1152 835 1376 912 Macedonicum,

350 947 419 1021 post
440 944 608 1005 Africanum
631 945 718 1018 atque
740 943 770 1002 in
792 943 849 1004 line
870 943 1036 1003 Muranum
1400 957 1413 996 ⁵

289 1049 329 1111 IL
352 1047 395 1108 De
425 1046 589 1108 conditione
618 1044 699 1106 urbis
728 1045 852 1118 Bomos,
886 1061 941 1120 quo
970 1046 1037 1121 post
1065 1043 1246 1104 mersionem
1274 1041 1377 1102 Troiae

350 1167 427 1212 anno
450 1149 571 1210 fundata
592 1150 642 1224 sit,
666 1151 697 1208 et
722 1149 798 1223 quod
826 1164 943 1210 suorum
963 1163 1064 1224 regum
1086 1163 1121 1208 ec
1142 1145 1305 1222 principum
1327 1161 1378 1219 per

351 1255 492 1314 ducentos
520 1254 551 1314 et
580 1254 641 1312 tres
670 1268 761 1312 annos
791 1267 882 1326 nsque
907 1251 944 1312 ei
966 1249 1099 1312 consules
1129 1248 1256 1310 assiduis
1285 1247 1378 1309 fracta

351 1356 442 1417 tuerit
463 1357 495 1416 et
515 1355 626 1415 iniecta
647 1354 828 1416 criminibus.
853 1355 888 1430 [4
902 1362 918 1423 5
933 1353 963 1428 1]

271 1459 327 1520 m.
350 1459 393 1520 lle
416 1459 516 1532 Bmto,
547 1459 597 1533 qui
626 1459 703 1534 apud
724 1458 871 1520 Romanos
900 1458 1010 1533 primus
1032 1458 1160 1519 consulis
1190 1475 1294 1521 nomen
1324 1459 1377 1519 ob-
1388 1475 1414 1514 ιο

351 1563 450 1624 tinuit.
474 1563 509 1638 [o
523 1569 539 1631 s
555 1563 584 1637 1]

258 1666 329 1727 1111.
353 1666 396 1726 De
417 1665 609 1726 Romanorum
636 1667 667 1726 et
689 1663 860 1726 Sabinorum
889 1661 965 1726 bello
992 1665 1023 1725 et
1044 1663 1219 1726 memmium
1244 1664 1337 1740 plebis
1359 1661 1401 1724 a'

351 1768 481 1844 patribus
503 1785 538 1829 ao
559 1769 636 1829 lame
657 1774 688 1828 et
709 1767 880 1844 pestilentia
904 1771 1042 1844 protenus
1070 1768 1240 1829 subsecuta:
1274 1766 1378 1843 quibus

350 1873 452 1947 utique
473 1873 559 1933 malis
581 1888 638 1933 non
660 1889 764 1948 parum
784 1871 875 1933 Roma
895 1874 1034 1946 quassate
1055 1871 1104 1932 sit
1128 1872 1163 1947 [5
1177 1879 1193 1940 t
1206 1873 1238 1946 4]

290 1974 327 2036 V.
351 1973 394 2036 lle
415 1975 579 2036 Veientium
606 1978 637 2034 et
659 1975 846 2036 Etruscorum
868 1977 952 2050 moui
975 1975 1141 2051 certamine,
1168 1993 1242 2051 quos
1264 1975 1416 2036 Marcmn

347 2077 456 2139 Fabius
488 2079 589 2139 consul
621 2095 681 2139 uon
713 2080 778 2140 eine
805 2078 929 2139 maximo
951 2077 1127 2154 reipublicae
1153 2077 1303 2152 uispcnuio
1326 2095 1378 2138 en·

350 2183 481 2258 perunit:
504 2181 534 2242 in
556 2199 612 2257 quo
634 2181 710 2243 bello
727 2183 820 2243 omnis
841 2181 995 2243 Fabiorum
1017 2181 1128 2242 familia
1148 2181 1266 2242 insidiis
1288 2182 1378 2242 truci-

350 2285 447 2345 datur.
472 2285 507 2360 [5
521 2293 537 2354 t
551 2297 568 2346 e
582 2284 646 2360 Lo]

273 2386 326 2448 VI.
350 2388 393 2447 De
408 2387 480 2464 cyro
503 2403 571 2462 rege
587 2388 754 2460 Persarum,
772 2387 823 2462 qui
837 2389 938 2448 urbem
952 2385 1185 2461 potentissimam
1200 2387 1380 2462 Babylonem

351 2491 508 2566 Euphratis
537 2492 619 2552 alueo
648 2490 781 2552 bennato
811 2491 925 2565 magnis
947 2490 1091 2553 exercitus
1113 2490 1159 2551 sui
1181 2492 1272 2565 oopiis
1295 2508 1417 2555 occu-eo

348 2594 440 2671 pouit,
462 2597 494 2656 et
507 2594 604 2670 qualis
625 2594 706 2655 urbis
727 2594 821 2669 ipsius
844 2594 918 2656 situs
932 2594 1020 2656 tuerit
1041 2594 1173 2670 quodque
1186 2594 1284 2654 sotem
1306 2596 1379 2654 tem·

349 2714 419 2773 pore
440 2696 561 2774 Lydiam
582 2697 646 2773 pari
669 2698 810 2760 felicitate
833 2696 984 2759 deuicerit.
1009 2699 1042 2774 [6
1058 2706 1074 2767 i
1090 2690 1119 2781 1]

263 2800 329 2863 v11.
351 2802 394 2862 De
415 2800 500 2877 bello,
522 2801 598 2877 quot
613 2816 678 2863 oum
694 2800 811 2878 Scythis
832 2801 937 2877 quibus
954 2801 1055 2876 regina
1076 2800 1230 2877 Thamyris
1244 2803 1381 2876 praeerat

349 2904 427 2965 item
448 2904 540 2981 cyrus
568 2906 670 2979 postes
697 2902 815 2965 babuit:
849 2920 868 2963 a
896 2920 953 2978 qua
981 2903 1078 2963 uictus
1105 2904 1135 2964 et
1155 2903 1301 2964 extinctus
1322 2906 1379 2964 est.

351 3007 461 3082 [791]
1390 3032 1418 3073 ss

250 3107 331 3170 VIII.
356 3110 399 3171 De
427 3127 497 3187 rege
526 3110 623 3184 Dorio,
653 3102 703 3186 ciui
732 3126 798 3170 cunr
820 3109 933 3171 butero
961 3108 1133 3185 Scytharum
1159 3126 1227 3184 rege
1249 3112 1380 3171 cerintus

350 3215 404 3286 est,
435 3213 485 3273 uhi
510 3215 598 3274 etium
620 3231 680 3274 non
701 3228 823 3288 paruam
845 3228 960 3272 manum
982 3212 1028 3272 sui
1051 3212 1150 3272 amisit
1171 3212 1325 3285 exercitus,
1347 3216 1381 3273 et

350 3316 425 3389 quod
454 3318 558 3392 postea
587 3316 784 3378 llaoedoniam
812 3319 899 3392 atque
921 3314 1023 3377 Asiam
1053 3316 1211 3392 adgressus
1241 3315 1378 3388 obtinuit,

349 3417 452 3479 deiude
481 3422 582 3480 contra
602 3419 794 3481 Athenienses
821 3420 926 3481 bellum
948 3418 1051 3495 gessit,
1078 3419 1223 3493 aquibus
1252 3418 1380 3494 plurima

299 3635 316 3688 1
332 3648 482 3690 morrrrun
500 3649 639 3692 curmusi
656 3648 735 3690 umor
747 3648 781 3689 n·
793 3636 858 3704 (litt.
869 3636 967 3708 seipsis)
1036 3634 1140 3691 turbis
1157 3635 1306 3706 liquie1q=

247 3718 449 3775 thabilonium
479 3720 492 3791 ΙΙ
519 3719 738 3776 mechedouioum
841 3721 989 3778 butrionm
1008 3722 1048 3777 sie
1065 3722 1094 3776 in
1112 3720 1164 3776 bne
1267 3722 1379 3777 teuer-

126 3796 130 3804 '
247 3802 323 3859 sione
418 3804 804 3861 8duoentusettrisannus
902 3808 1369 3877 10iu0roee'cipscrrtemerell

247 3891 539 3962 mmauusllcomules
620 3891 744 3951 lisere
826 3893 1308 3964 loquerampriorsscmeeas.)

248 3976 282 4030 15
298 3977 446 4032 ueieucinm
468 3977 482 4048 ΙΙ
503 3977 644 4033 certamini
740 3978 772 4034 16
790 3978 880 4035 consol
899 3979 912 4051 ΙΙ
933 3978 1079 4050 reipublice
1174 3980 1309 4035 llomues

248 4061 282 4117 19
298 4061 463 4119 bebillonam
558 4062 594 4119 20
609 4063 724 4121 eufratis
743 4064 757 4136 ΙΙ
779 4064 896 4121 diriuatc
916 4066 929 4136 ΙΙ
951 4065 1037 4135 cupiis
1132 4064 1167 4121 22
1184 4066 1309 4121 illicitate

246 4147 281 4203 Ἃ
298 4148 387 4211 uictus
403 4151 441 4220 et]
458 4152 489 4205 et
506 4149 596 4206 uictus
698 4151 733 4207 ul
760 4167 845 4222 purus
867 4166 1017 4207 manneus
1035 4151 1112 4207 misit
1214 4152 1250 4207 ‘28
1275 4153 1377 4209 muchs

246 4233 356 4289 doniam
