2934 4975
265 338 328 404 616
710 334 807 389 Pauli
830 336 945 390 Orosii

274 509 426 594 profunda
454 508 590 592 patuisse
612 507 644 572 et
665 507 772 571 tutum
800 507 862 573 iter
891 508 925 573 in
955 509 1064 591 pelago
1094 507 1192 592 pediti
1222 507 1401 591 praebuisse

246 622 262 675 1
274 617 414 690 terreno,
448 611 646 692 diuisumque
667 608 834 677 Iordanem
863 610 1017 694 resupinis
1044 610 1079 675 iu
1101 612 1221 679 ionum
1242 612 1402 679 rebonisse

188 745 210 786 „
226 713 481 803 regurgiltibus,
504 714 558 781 uel
580 712 745 779 mortalem
767 712 801 777 in
823 718 950 795 torpore
964 714 1091 781 Heliam
1108 720 1250 793 enectum
1265 715 1404 783 flammei

274 840 383 887 eunus
405 819 480 901 igne
495 835 552 883 nec
574 818 704 896 laesum,
728 817 779 882 uel
795 817 990 901 praeparatis
1007 819 1154 885 onustum
1169 821 1248 887 escis
1264 820 1403 899 Abacuc,

274 926 312 989 ut
334 925 436 990 ieiuno
465 922 549 987 inter
578 922 749 987 esurientes
780 921 862 987 ieras
892 922 972 987 iusto
1003 923 1168 1005 prandium
1197 923 1403 1003 ministraret,
1427 946 1439 983 5

274 1030 312 1091 ut
334 1028 464 1112 uulgata
485 1027 592 1092 narrat
614 1025 718 1107 editio,
743 1024 777 1090 in
800 1030 958 1091 momento
981 1026 1045 1093 diei
1068 1046 1086 1093 a
1109 1027 1403 1111 11111θαί11323]-

245 1131 393 1197 aloniam
415 1129 602 1195 translatum
625 1128 722 1195 inisse
746 1129 887 1211 protinus
910 1146 946 1195 ao
968 1130 1125 1196 relatum?
1147 1131 1217 1213 quis
1238 1131 1297 1197 hoo
1312 1130 1404 1197 Chri-

274 1235 396 1300 stianus
417 1234 452 1299 in
480 1250 533 1299 cor
561 1252 654 1299 annm
682 1233 736 1298 uel
757 1231 791 1297 in
813 1237 918 1299 atomo
940 1234 1137 1317 cogitationis
1159 1236 1326 1314 almitat,
1350 1235 1405 1316 qui

229 1335 232 1343 '
274 1337 356 1403 sciat
373 1336 527 1403 hararum
543 1335 794 1421 quadriduanum
816 1338 976 1403 mortuum
999 1337 1171 1403 fetentibus
1194 1337 1345 1404 membris
1368 1356 1405 1403 ao

274 1439 393 1521 liquido
413 1439 478 1505 iam
501 1439 586 1504 intra
605 1440 706 1504 semet
728 1438 811 1521 pelle
833 1438 1031 1507 fluitantibus
1047 1442 1176 1507 Domini
1198 1439 1309 1507 denoto
1332 1459 1439 1524 pro-ro

274 1544 396 1609 siluisse
424 1542 570 1626 seruitio;
605 1544 659 1625 qui
688 1543 802 1628 legarit
831 1561 956 1609 caecum
979 1561 999 1609 a
1021 1544 1188 1617 natiuitate
1209 1544 1405 1627 eundemque

274 1645 338 1711 iam
360 1648 498 1713 aemtem
527 1647 698 1713 habentem
725 1645 777 1713 uel
800 1644 895 1711 fache
917 1647 1022 1713 subito
1045 1649 1097 1713 uel
1118 1648 1244 1715 reiectis
1268 1647 1405 1731 uiguisse

245 1750 457 1827 olamininus3
492 1750 547 1833 qui
578 1748 760 1831 probauerit
790 1753 899 1817 uentos
930 1751 1043 1817 fluctus
1074 1769 1111 1817 ao
1133 1753 1338 1835 tempestates
1359 1752 1405 1817 si·

274 1855 402 1937 mulque
434 1852 570 1920 inuicem
604 1853 759 1921 elementa
797 1856 933 1921 rixantia
969 1854 1145 1921 dominicae
1181 1853 1405 1937 increpationis

274 1958 382 2025 audito
415 1958 630 2025 mansuetasse
663 1963 844 2043 praecepto;
883 1960 937 2041 qui
966 1960 1073 2023 credat
1103 1959 1248 2041 Petrum,
1284 1957 1405 2025 carnali
1417 1983 1439 2023 re

273 2063 398 2127 sarcina
422 2078 553 2144 grauem
576 2064 608 2127 et
629 2065 678 2125 ter
698 2061 870 2127 Dominum
900 2061 1046 2126 conhnuo
1077 2062 1280 2143 negaturum,
1312 2078 1407 2143 super

273 2164 411 2231 tumidos
432 2164 546 2230 fluctus
568 2163 712 2248 pendulis
734 2166 896 2231 incessisse
918 2162 1086 2248 uestigiis?

226 2271 264 2333 lo
316 2267 426 2349 Itaque
456 2269 618 2334 uniuersos
648 2267 791 2333 hominos
821 2268 970 2345 arbitror,
1003 2267 1055 2333 uel
1077 2267 1129 2350 qui
1154 2266 1323 2333 excellenti
1344 2266 1406 2333 fide

276 2371 308 2434 et
331 2370 485 2452 sapientia
507 2370 643 2453 praediti
665 2377 741 2437 sunt
762 2371 816 2437 nel
837 2373 891 2454 qui
913 2389 947 2435 se
968 2372 1061 2437 aliter
1078 2370 1205 2449 habent,
1229 2370 1299 2447 hoo,
1324 2372 1405 2452 quod

274 2471 360 2537 Deus
394 2474 499 2540 omnia
534 2476 654 2556 potest,
692 2474 843 2540 uenerari*
870 2474 995 2542 credere
1028 2474 1178 2542 confiteri
1216 2474 1283 2540 ideo
1318 2473 1441 2540 enimse

274 2575 462 2658 generaliter
496 2579 535 2644 ab
568 2577 714 2644 uniuersa
751 2581 892 2643 creatura
928 2577 1043 2643 dicitur
1080 2575 1293 2662 omnipotonS,
1331 2577 1406 2659 quia

274 2679 379 2746 omnia
411 2683 525 2764 potest.
558 2686 590 2746 ot
617 2681 675 2747 hoc
698 2683 747 2746 est
770 2683 853 2748 Deus
882 2681 968 2746 solus
998 2681 1051 2766 qui
1082 2681 1142 2746 ait:
1179 2681 1273 2746 haec
1303 2683 1406 2763 apud

274 2781 458 2848 homines
491 2785 752 2868 inpossibilia
780 2790 882 2850 sunt.
928 2788 1021 2868 atquo
1056 2786 1133 2852 alibi
1163 2785 1252 2852 docet
1282 2786 1405 2850 dicens:

245 2886 356 2952 asine
384 2907 440 2954 mo
475 2888 579 2954 nihil
611 2890 782 2974 potestis
816 2887 956 2954 facere.
997 2890 1099 2971 potest
1133 2906 1205 2972 ergo
1240 2888 1344 2953 omnia
1374 2887 1408 2951 in

376 3071 517 3113 avcroaua
551 3059 569 3110 2
587 3056 670 3112 Iooce
687 3061 705 3113 3
787 3057 804 3111 3
822 3057 886 3128 Rep.
904 3061 929 3122 4,
948 3060 968 3111 2
1045 3057 1062 3111 4
1080 3057 1157 3113 Duc.
1175 3061 1215 3124 14,
1234 3059 1272 3112 32
1281 3071 1336 3126 epp.

273 3143 291 3196 6
315 3141 431 3211 uolgata
448 3141 532 3195 editio
634 3143 651 3197 9
675 3142 736 3198 lob.
755 3147 788 3197 11
893 3143 924 3198 11
943 3142 1002 3197 Iob
1020 3145 1038 3196 9
1143 3143 1176 3196 13
1199 3143 1298 3196 Mutilo.
1317 3147 1337 3196 8

276 3227 308 3281 lc
325 3227 516 3282 Petrum—16
532 3230 697 3295 negaturum
714 3229 817 3284 Matth-
835 3233 879 3296 26,
897 3231 933 3284 69
945 3244 1000 3297 epp.
1088 3228 1122 3284 16
1139 3243 1219 3298 super
1229 3243 1284 3298 opp.
1304 3229 1407 3286 Meroth.

274 3315 316 3376 14,
334 3315 373 3368 19
384 3327 422 3381 eq.
512 3313 547 3368 22
564 3313 635 3371 Iaso.
653 3319 696 3380 18,
713 3317 753 3370 27
838 3315 874 3370 24
892 3315 988 3369 lobon.
1008 3317 1049 3380 15,
1069 3318 1087 3370 5

324 3470 342 3523 3
368 3485 476 3540 corporo
492 3487 527 3524 m.
544 3474 564 3526 2
582 3471 648 3539 (fuit
665 3477 730 3526 unte
746 3487 802 3526 reo.
820 3435 936 3544 oorpiib)
959 3473 988 3524 Χ
1088 3473 1106 3526 4
1131 3471 1221 3542 ppalia
1244 3473 1272 3524 X
1294 3473 1336 3540 (iro
1353 3487 1408 3540 prro

273 3557 393 3626 petiam
409 3572 462 3625 pro
479 3572 529 3626 par
546 3561 572 3612 ct
590 3560 704 3626 porcat)
739 3557 752 3628 11
786 3556 904 3614 abbacuc
926 3557 955 3609 Σ
977 3559 1024 3626 (cf.
1048 3557 1107 3612 cod.
1126 3558 1240 3621 Amici.)
1288 3555 1407 3611 abacuch

277 3642 309 3694 Ψ
407 3643 542 3697 bieiunio
560 3643 746 3708 (actitatio
763 3641 815 3699 del.
833 3660 867 3698 m.
886 3649 901 3700 1
920 3650 970 3700 caet
987 3646 1008 3699 2
1025 3644 1064 3710 Σ)
1083 3643 1181 3709 Σοβε
1211 3641 1224 3713 ll
1252 3642 1408 3697 ministrare

274 3729 350 3781 ΥΦΧ
449 3727 611 3798 censeo
633 3730 646 3799 ΙΙ
673 3729 752 3784 iudea
769 3727 874 3784 codr'ece
902 3729 914 3801 ΙΙ
943 3728 1107 3784 babiloniam
1129 3727 1160 3781 Ψ
1260 3728 1408 3783 bathomo

274 3815 409 3866 ΣΜΨ
426 3814 440 3885 ΙΙ
459 3815 516 3884 qni]
535 3813 600 3883 quia
617 3815 670 3867 ΦΧ
769 3815 1009 3886 ilqnatriduaunm
1020 3815 1124 3871 codices
1144 3815 1157 3885 ΙΙ
1177 3815 1296 3870 menbris
1312 3817 1342 3868 Χ

274 3900 310 3954 13
327 3900 535 3968 tempestatibus
555 3902 597 3952 Ψ·
699 3904 735 3956 14
755 3902 887 3958 dominice
906 3905 930 3969 (c
944 3919 968 3957 a.
986 3919 1007 3960 e.
1025 3918 1060 3957 m.
1077 3905 1105 3971 1)
1129 3904 1157 3954 Χ
1259 3901 1290 3956 11
1308 3903 1408 3957 fluctus

274 3984 393 4068 nmisios
413 3986 444 4037 Ψ
464 3987 477 4057 ΙΙ
498 3988 815 4056 euoeuimliprtorie
826 3989 1061 4044 caturciacum
1073 3989 1135 4055 lin.)
1156 3989 1187 4040 Ψ
1274 3989 1307 4041 13
1325 3989 1407 4056 quod]

272 4075 556 4145 &ophampol
598 4075 755 4144 pucino
861 4075 1337 4143 iihhaocqnaefflbecimoom)

275 4161 310 4216 23
320 4161 500 4231 impossibilia
512 4161 594 4214 ῬΧΨ
611 4161 625 4231 ΙΙ
644 4162 717 4231 sunt]
730 4165 796 4216 sunt
808 4161 856 4217 (leo
869 4159 1010 4230 possibilia
1021 4175 1078 4214 ease
1090 4162 1131 4212 2²
1143 4164 1206 4230 (aec,
1221 4160 1338 4223 meam)

274 4245 310 4299 24
324 4247 412 4300 aerbo
427 4248 484 4316 -uel
504 4263 548 4302 mo
558 4245 647 4301 nichil
656 4275 689 4288 ·—
698 4261 725 4315 p.
737 4247 797 4315 611,
807 4247 827 4300 4
837 4261 922 4317 egena
932 4247 965 4300 ia
976 4247 1066 4316 apetie
1079 4252 1209 4314 paacoor
1220 4261 1352 4300 neroum
1364 4262 1406 4300 re·

275 4330 339 4386 licto
356 4338 451 4401 postea
468 4352 487 4388 a
504 4333 790 4406 oa1udd.eamt‚in
811 4333 854 4401 Ψ,·
872 4333 908 4400 cf.
927 4333 1008 4403 cop.
1027 4337 1141 4398 o18,14
1163 4333 1175 4402 H
1198 4332 1283 4387 nichil
1304 4333 1335 4383 Ψ
