2934 4975
252 315 315 381 478
576 310 676 366 Pauli
693 310 808 366 Orosii
825 311 1057 367 Historiarum

262 485 352 551 annis
373 503 435 550 sex.
458 503 533 550 nam
554 483 722 567 Pupienus,
749 482 930 549 interfector
951 484 1127 565 Maximini,
1151 488 1183 550 et
1205 484 1301 551 irater
1324 495 1390 552 elus

176 624 199 663 r.
213 613 253 655 uo
261 588 423 664 Balbinus,
442 585 508 671 ¹qui
522 590 751 670 usurpauerant
766 586 944 671 imperium,
958 588 992 653 in
1007 588 1130 655 Palatio
1146 605 1217 655 mox
1233 588 1391 655 interfecti

231 692 345 756 esunt.
367 691 546 761 Gordianus
572 691 741 758 admodum
762 708 841 773 puer
864 690 896 757 in
918 690 1078 757 Orientem
1108 693 1147 758 ad
1168 689 1290 758 bellum
1312 690 1390 759 Par·

175 830 197 869 p.
213 794 382 861 srrthicum
397 792 617 878 profectu¹ms,
633 794 714 858 sicut
729 793 897 876 Eutropius
913 794 1032 873 scribit,
1048 793 1116 859 Iani
1130 797 1236 879 portas
1250 797 1390 879 aperuit:

261 916 336 983 quas
364 899 478 965 ,utrum
511 899 583 983 post
615 898 841 981 Vespasianum
876 900 908 963 et
942 897 1051 964 Titum
1083 898 1198 982 aliquis
1231 899 1423 981 demerita

260 1003 416 1068 neminem
430 1001 590 1086 scripsisse
604 1002 745 1082 memini,
769 1020 840 1068 cum
855 1002 961 1069 tamen
985 1020 1037 1067 eas
1052 1001 1092 1069 ab
1114 1003 1181 1087 ipso
1196 1002 1391 1086 Vespasiano

231 1107 332 1189 tpost
352 1123 469 1172 annum
492 1108 615 1189 apertas
632 1104 792 1171 Cornelius
809 1104 937 1171 Tacitus
959 1108 1078 1190 prodat.
1102 1107 1200 1189 igitur
1216 1105 1391 1173 Gordianus

259 1208 438 1293 ingentibus
467 1207 594 1292 proeliis
623 1209 791 1275 aduersum
813 1208 945 1275 Parthos
972 1227 1117 1293 prospere
1138 1209 1234 1294 gestis
1262 1228 1391 1277 snorum

172 1370 194 1409 „
211 1310 371 1402 ⁶¹,fraude
392 1311 476 1377 haud
497 1311 591 1396 louge
614 1310 789 1378 scireesso
811 1330 903 1396 super
922 1312 1103 1395 Euphraten
1125 1312 1309 1379 interiectus
1333 1316 1389 1379 est.

209 1415 250 1477 tt
307 1414 409 1481 'Auno
431 1418 470 1482 ab
492 1415 577 1481 Vrbe
605 1416 732 1481 condita
758 1430 990 1481 nccccuxnvrr
1011 1414 1176 1499 Philippus
1198 1414 1423 1483 uicensimnsu

260 1518 387 1601 quartus
411 1520 451 1583 ab
469 1519 614 1603 Augusto
635 1520 805 1603 imperator
826 1522 948 1585 creatus
969 1516 1151 1603 Philippum
1173 1517 1274 1583 filium
1295 1534 1391 1583 snum

230 1626 432 1688 soonsortem
468 1622 557 1705 regni
588 1622 663 1689 fecit
696 1623 872 1705 mansitque
903 1624 937 1688 in
972 1638 1007 1687 eo
1041 1621 1132 1687 annis
1164 1624 1292 1704 septem.
1336 1621 1391 1685 hic

173 1757 197 1795 r.
211 1724 391 1808 rrrpri'mus
413 1724 639 1810 imperatorum
654 1726 797 1792 omnium
812 1725 1007 1793 Christianus
1031 1725 1093 1791 fuit
1114 1742 1151 1791 ac
1165 1729 1235 1808 post
1256 1724 1390 1791 tertium

173 1859 195 1899 ρ.
210 1827 395 1910 arimpehii
422 1831 488 1895 eius
519 1848 637 1895 annum
666 1830 853 1897 millesimus
881 1848 900 1895 a
935 1830 1110 1895 conditione
1138 1828 1255 1895 Romae
1288 1846 1390 1893 annus

256 1932 406 2013 impletus
443 1938 501 1999 est.
552 1935 599 1999 ita
635 1933 814 2017 magnificis
853 1934 934 2000 ludis
971 1930 1212 2017 augustissimus
1248 1933 1422 2000 omniumn

256 2034 497 2117 praeteritorum
520 2036 572 2101 hic
599 2036 715 2102 natalis
738 2055 837 2103 annus
859 2057 879 2104 a
900 2034 1076 2105 Christiano
1099 2036 1284 2119 imperatore
1307 2034 1390 2100 ceie-

358 2185 501 2225 avororrus
535 2171 900 2242 §3Pupienus-interiecti
912 2176 978 2227 suut
995 2171 1078 2227 Hier.
1092 2173 1171 2226 2256
1187 2176 1213 2227 et
1225 2170 1307 2225 Eretr-
1326 2175 1353 2235 9,
1371 2174 1390 2223 2

256 2257 352 2319 (irater
370 2256 426 2310 aius
443 2262 542 2311 tmere
559 2256 624 2314 cdd.
646 2257 771 2325 Orestam
868 2258 918 2326 §4
936 2256 1244 2326 Gordianus-apernit
1261 2256 1344 2311 nuo.
1363 2261 1389 2321 9,

256 2342 342 2409 Μαί
358 2342 492 2396 laudetur
519 2344 532 2414 Ι)
560 2342 700 2399 Cornelius
717 2344 838 2413 Tacitus]
856 2343 990 2400 Historiis
1008 2344 1053 2412 (cs.
1077 2342 1154 2399 Oros.
1171 2348 1197 2407 7,
1214 2348 1233 2399 9
1250 2342 1270 2415 ἕ
1286 2344 1317 2413 9)

255 2425 407 2495 §bErctc
425 2430 489 2495 9,2
586 2445 642 2500 cap.
660 2429 695 2484 20
718 2430 734 2500 ἕ
753 2431 768 2484 1
792 2428 1038 2500 Philippus-§2
1060 2428 1142 2485 Hier.
1166 2430 1242 2485 2261
1259 2435 1286 2484 et
1302 2430 1391 2485 2262‘

255 2517 293 2578 (et
310 2513 406 2583 2262)
425 2517 543 2585 acceptia
560 2519 577 2585 ς
594 2517 611 2570 2
628 2519 690 2586 post
706 2517 820 2571 tertium
830 2547 862 2556 -
873 2531 980 2582 aunum,
998 2517 1031 2571 irc
1048 2515 1146 2584 quitos
1163 2516 1287 2585 rapuero
1304 2515 1388 2572 loter-

254 2600 347 2654 acam
362 2617 444 2656 sacra

357 2735 547 2778 nxrrusronus
590 2723 624 2777 10
642 2722 870 2793 Philippus-ll
889 2725 1035 2794 imperator
1051 2724 1123 2780 ..13
1141 2723 1312 2780 Christianus
1330 2722 1388 2776 fuit

255 2808 415 2876 amparet
430 2808 551 2864 Seterrae
569 2809 669 2866 Otroia
684 2825 715 2880 p.
728 2813 782 2866 453
869 2811 902 2866 13
920 2811 1091 2879 primus-lt
1110 2808 1260 2866 celebratus
1278 2810 1320 2864 est
1338 2825 1389 2864 ec·

254 2893 364 2963 ampo
381 2895 463 2950 Dedo
479 2895 516 2950 D.
535 2902 554 2950 t.
572 2912 597 2952 r.
616 2913 642 2950 o.
660 2899 735 2951 4204

308 3033 419 3088 ianuis
437 3034 459 3099 (i
474 3035 506 3089 in
522 3050 578 3091 roe.
591 3040 698 3090 scoot
711 3033 782 3102 uid)
800 3033 828 3090 R
851 3034 864 3104 ΙΙ
885 3034 1027 3104 pupienus]
1046 3033 1129 3089 PRD
1149 3033 1161 3104 ΙΙ
1180 3019 1249 3088 frat
1265 3035 1315 3101 (er.
1333 3031 1387 3098 πθ)

254 3118 283 3174 R
376 3120 512 3188 ipaiatio
530 3122 556 3189 (o
574 3135 637 3175 eon
655 3135 725 3175 corr.
738 3119 971 3189 enodatim
1005 3119 1137 3190 palatium
1154 3119 1196 3178 13²
1289 3119 1387 3188 33οτ-

255 3204 350 3260 dianus
374 3207 402 3273 (o
420 3223 456 3262 eoo
473 3223 491 3260 u
508 3223 541 3261 m.
555 3209 583 3275 2)
601 3205 629 3260 R
661 3206 675 3276 ΙΙ
704 3205 837 3275 particum
860 3209 932 3274 (eum
948 3221 1003 3263 rua.
1021 3221 1109 3276 aspra
1126 3207 1161 3276 ti)
1180 3207 1208 3262 R
1308 3205 1388 3260 deo·

256 3293 363 3361 tropius
380 3291 409 3346 D
431 3293 444 3363 Ι)
466 3292 577 3347 scribsit
594 3291 632 3347 ΕΙ
669 3291 779 3360 scripsit
795 3292 866 3348 Μ
966 3292 1188 3363 buespasianum
1207 3291 1307 3361 (altero
1325 3307 1337 3344 s
1357 3293 1389 3346 ic

254 3394 310 3434 raa.
327 3395 362 3435 or.
380 3381 411 3443 2)
430 3379 457 3433 Ρ
558 3377 739 3447 decripeisse]
758 3375 798 3434 12²
832 3379 970 3434 scribsisse
990 3377 1057 3436 Pae
1093 3377 1215 3433 scribsise
1234 3381 1258 3445 (r
1274 3391 1296 3434 a.
1309 3391 1331 3432 s.
1351 3393 1386 3432 m.

254 3465 320 3518 lin
336 3463 376 3533 D)
394 3464 465 3520 ΒΦ
486 3465 499 3534 ΙΙ
522 3465 678 3534 umpasiano
695 3463 929 3531 (citerasinror.
942 3481 977 3520 m.
988 3467 1020 3533 2)
1039 3465 1067 3520 Ρ
1100 3465 1270 3532 nespassiano
1287 3461 1317 3517 D

255 3551 271 3604 7
290 3551 416 3605 cornilius
433 3549 463 3604 D
485 3550 499 3621 ΙΙ
521 3549 668 3619 gurdianns
685 3549 758 3607 ΒΨ
861 3553 879 3606 8
896 3551 1006 3621 praeliis
1024 3551 1054 3605 D
1147 3551 1164 3604 9
1182 3548 1292 3606 circinus
1309 3548 1340 3602 D
1363 3548 1375 3618 ΙΙ

255 3637 378 3692 eufratan
397 3636 452 3692 PR
486 3635 607 3692 eoirateu
623 3636 654 3691 D
759 3637 791 3694 10
808 3638 1037 3708 nonagentissimo
1058 3638 1085 3707 (a
1098 3636 1180 3705 erae.)
1199 3633 1386 3705 nonagissiruo

255 3722 368 3790 septimo
391 3722 421 3776 D
459 3721 472 3793 ΙΙ
512 3722 621 3792 hiippus
642 3719 672 3778 D
712 3723 725 3795 ΙΙ
765 3723 924 3780 uiciusimus
941 3725 1055 3794 quartus
1078 3722 1109 3777 D
1155 3735 1242 3776 mm
1261 3721 1315 3776 PR

256 3810 288 3862 11
315 3809 473 3878 imperatore
498 3809 527 3864 P
568 3814 729 3881 rmperatore
757 3809 785 3868 R
830 3812 978 3880 imperatur
998 3806 1027 3863 D
1131 3807 1165 3862 12
1190 3819 1234 3864 vn
1261 3805 1316 3860 PR

255 3894 289 3948 13
315 3893 516 3965 imperatorum]
543 3895 572 3951 Ρ
592 3913 628 3954 or.
646 3901 665 3952 3
681 3897 761 3952 aeid
803 3895 997 3965 imperaturum
1024 3895 1076 3963 (sic
1093 3893 1140 3963 ut)
1166 3890 1197 3949 D
1240 3893 1387 3961 imperator

256 3978 324 4034 P¹R
359 3981 372 4050 Ι)
404 3979 516 4049 spiauos
532 3982 572 4038 Β*
677 3983 711 4038 14
728 3981 886 4037 mitissimus
904 3981 934 4036 D
1039 3981 1073 4036 lc
1089 3979 1214 4048 impiitus
1231 3977 1262 4032 D
1296 3975 1309 4047 ΙΙ
1343 3979 1387 4030 est

254 4080 305 4123 om.
323 4066 353 4121 D
371 4068 385 4139 Ι)
404 4069 612 4138 augustissimus
631 4070 692 4137 (alt.
710 4085 729 4123 u
747 4070 780 4124 ia
797 4069 808 4123 i
824 4083 903 4136 cora,
922 4067 1068 4124 mdccc.
1077 4071 1148 4135 post.
1167 4079 1187 4119 v
1204 4079 1224 4119 s.
1235 4065 1270 4132 a.)
1289 4061 1318 4116 P

257 4155 290 4208 16
307 4169 395 4223 aspro
411 4153 512 4210 natalis
528 4171 580 4211 aar.
598 4154 626 4211 ai
644 4159 672 4222 (3
689 4155 723 4210 io
734 4156 803 4222 ros.)
821 4153 950 4210 notabilis
968 4155 1023 4222 (2¹)
1041 4154 1073 4208 ia
1092 4150 1119 4207 G
1141 4151 1153 4221 ΙΙ
1175 4149 1324 4206 celebratus
1343 4153 1386 4202 eet

253 4241 414 4310 imperatore
430 4241 461 4296 D
