2934 4975
502 314 658 383 cupidula
681 313 737 369 lib.
758 313 788 370 V.
1144 318 1209 386 585

173 492 298 564 primum
320 491 524 566 congressione
545 492 705 567 fragorum,
728 483 779 551 sed
794 507 865 551 mor.
880 491 971 552 bitrio
994 483 1107 554 consuli
1129 495 1200 554 sub·

175 594 304 669 sequenti
333 593 369 654 de
398 611 451 655 sua
480 610 650 668 suorumque
679 596 805 656 omnium
834 594 915 656 clade
944 595 990 655 bis
1021 597 1091 657 uicti
1114 599 1199 672 atque

174 697 264 758 deleti
296 697 474 773 trionpnnm
507 712 645 773 magnum
666 699 843 773 reipublicae
867 699 980 760 nomine
1001 700 1197 760 contulerunt.

194 802 232 860 16
281 812 296 861 1

53 901 160 961 sXXV.
177 801 224 964 [De
245 801 406 964 ngnsileu’cidio
421 903 536 964 Publici
549 902 676 964 Malleoli
699 906 728 964 it
746 905 934 966 damnatione
950 906 1023 968 niue.
1047 907 1102 983 [16
1119 913 1134 976 i
1150 909 1196 982 22]

71 1021 175 1082 mu.
199 1025 242 1084 lie
262 1022 339 1084 bello
361 1023 456 1099 ciuili,
486 1026 560 1099 quod
590 1025 705 1084 auctore
729 1025 828 1084 eodem
851 1025 944 1085 Mario
966 1027 1072 1088 Romae
1094 1045 1197 1103 magns

173 1126 339 1188 munorum
361 1143 395 1187 oo
416 1126 522 1187 ciuium
543 1125 625 1187 clodo
646 1125 808 1187 coniectum
830 1129 890 1204 ost,
922 1131 950 1188 et
972 1130 1143 1204 quibusdam
1166 1150 1198 1192 ox

173 1228 286 1290 ciuibus
306 1229 388 1290 iussu
409 1233 526 1290 senatus
548 1230 633 1290 exilio
650 1230 819 1290 destinatis.
845 1233 976 1306 [1751]

69 1349 190 1410 XXVII.
212 1350 255 1410 Do
283 1350 438 1411 socialibus
468 1350 555 1410 bellis
577 1351 680 1412 Italiae
703 1353 732 1410 et
761 1351 891 1425 pluribus
914 1355 1108 1429 grauibusque
1131 1373 1197 1430 pro·

39 1471 61 1512 ro
173 1453 270 1528 digne,
301 1467 374 1529 quae
403 1457 500 1514 urbem
526 1452 644 1513 Romam
673 1455 732 1513 tem
759 1455 898 1516 relatione
920 1470 1004 1531 quam
1035 1458 1099 1518 ulau
1129 1475 1197 1532 gra·

173 1558 291 1618 uiemme
310 1559 488 1619 terruerunt.
512 1558 567 1632 [18
583 1557 644 1631 51]

68 1672 206 1741 XXVIII.
231 1677 272 1739 Iie
295 1679 453 1740 defectione
479 1677 631 1739 Picentum
657 1677 829 1740 Samnitium
858 1681 1036 1743 Lucanorum
1063 1683 1197 1744 aliorum·

173 1801 227 1858 que
251 1783 398 1843 soclelium
419 1784 588 1857 populorum
612 1785 642 1843 et
663 1779 758 1858 bellis,
782 1799 935 1858 quaecum
955 1785 1198 1848 eisdIuRomani

172 1885 258 1946 duces
280 1890 311 1946 et
332 1886 465 1947 consules
488 1901 551 1946 cum
575 1900 681 1961 magna
702 1889 797 1963 partis
819 1887 968 1964 utriusque
991 1890 1089 1965 strage
1111 1893 1196 1965 atque

174 1989 343 2051 infelicitate
373 1994 542 2066 mearunt,
577 1993 607 2050 et
629 1991 705 2066 quod
733 1990 835 2052 iisdem
857 1988 956 2054 diebus
978 2009 1028 2052 ror
1050 1993 1196 2053 SothImus

173 2107 238 2152 cum
265 2095 395 2154 maximio
423 2093 514 2169 copim
535 2093 678 2154 Tirenum
700 2085 851 2154 Graeciam
874 2095 1024 2169 messus
1047 2097 1196 2157 uninemos

172 2195 246 2258 fines
267 2198 455 2259 Macedoniae
477 2197 684 2260 deuerteeerit.
706 2199 764 2273 [18
780 2200 849 2274 inl

69 2315 221 2379 XXVIIH.
251 2316 331 2391 Quod
359 2321 446 2395 paolo
479 2323 546 2395 post
575 2317 804 2413 Mithridaticum
836 2318 942 2380 bellum
972 2319 1136 2380 diuturnum
1168 2324 1198 2380 et

173 2439 261 2498 greum
274 2423 449 2484 'surrexerit
473 2424 529 2499 [19
548 2424 609 2499 51]

35 2546 222 2613 noXXX.1)e
252 2546 386 2606 ciuilium
418 2544 505 2609 bellis
538 2548 658 2610 ninum
696 2546 863 2623 perniciosis
900 2547 1088 2622 reipublicae,
1126 2561 1196 2619 quae

172 2649 337 2709 auctoribus
369 2649 461 2709 Mario
484 2652 514 2708 et
546 2645 634 2725 Sylla,
665 2647 755 2708 Cinna
789 2652 874 2723 atque
904 2649 1029 2709 Sertorio
1063 2648 1197 2708 diuturna

172 2751 350 2813 dissensione
386 2753 504 2812 uersata
539 2752 618 2823 nunt,
653 2766 686 2811 ac
721 2752 981 2826 proscriptionibus
1019 2753 1195 2812 concionum.

172 2854 229 2931 [19
245 2860 262 2923 e
276 2852 308 2929 c]
981 2861 984 2871 '

68 2955 171 3018 XXXI.
191 2956 275 3030 Quod
297 2956 425 3018 eiusdem
447 2956 517 3018 belli
537 2954 634 3017 ciussls
655 2954 821 3017 tucioribus
839 2954 930 3017 biario
950 2955 1052 3030 utique
1075 2956 1104 3015 et
1119 2952 1197 3029 Sylla

34 3084 60 3124 ns
171 3060 317 3122 defunctis
339 3058 464 3134 Lepidus
486 3060 515 3120 et
535 3057 654 3119 Catulus
682 3058 863 3133 singulorum
893 3059 1018 3134 portium
1041 3059 1195 3118 sectatores

171 3163 309 3240 ouicqudd
328 3166 405 3225 retro
426 3166 509 3224 actae
532 3162 627 3223 caedis
640 3162 788 3223 reddonm
808 3162 962 3223 uidebatur
983 3162 1013 3222 in
1030 3162 1106 3221 ciues
1129 3178 1197 3221 suos

170 3268 333 3343 fratresque
354 3264 511 3343 gesserint.
532 3268 591 3343 [22
607 3274 623 3335 5
639 3268 687 3341 1e]

68 3372 185 3431 XXXII.
209 3370 251 3431 De
273 3370 358 3431 bellis
380 3373 411 3431 et
434 3370 574 3441 cladibus,
601 3386 674 3443 quae
696 3370 729 3429 iu
751 3368 895 3444 Hispaniis
917 3370 1048 3429 senatore
1071 3366 1197 3427 Romano

171 3475 298 3539 Sertorio
329 3470 487 3537 rebellante
514 3472 705 3549 reipnbucoe,
736 3474 786 3549 qui
808 3490 843 3535 er
865 3472 941 3535 Vrbe
963 3469 1060 3547 Syllae
1082 3468 1197 3544 iugarat

118 3708 260 3763 lcoueule
282 3710 459 3778 subsequente
572 3703 685 3763 bdellii
710 3708 722 3778 ΙΙ
744 3707 890 3779 reipublice
1002 3704 1126 3776 bpublil

68 3794 181 3861 chuile
271 3793 447 3848 ddistInstis
536 3792 573 3847 10
589 3793 665 3863 quae]
683 3807 715 3862 q:
807 3791 842 3847 12
853 3792 1011 3847 samniolum
1104 3794 1137 3848 15
1154 3794 1197 3848 iu·

67 3879 192 3935 illiciente
211 3880 224 3951 ΙΙ
244 3879 347 3935 hisdem
370 3878 383 3951 11
405 3878 523 3934 othrnns
626 3877 662 3933 id
679 3880 765 3952 cupiin
785 3879 798 3949 ΙΙ
820 3880 936 3949 greciam
957 3880 970 3950 11
989 3878 1128 3935 uniuersus

68 3966 175 4023 liduis
191 3967 205 4038 ιΙ
220 3966 374 4022 deumtmit
451 3966 484 4021 18
492 3964 699 4021 medridcticum
776 3964 810 4022 21
824 3966 938 4021 sertmio
970 3982 973 3989 ·
1013 3958 1127 4021 24silla'

68 4052 102 4106 ab
126 4053 246 4121 porcium
348 4052 381 4106 27
409 4051 553 4122 fratrisque
579 4053 721 4120 gesserunt
830 4052 866 4107 28
877 4068 915 4123 aq.
941 4052 1006 4120 fori.
1024 4050 1196 4107 concauam

68 4140 108 4195 De
132 4139 258 4195 cladibus
279 4139 441 4210 reipublicae
458 4142 487 4194 et
503 4133 886 4208 bellis,quee-rebollante‚
907 4140 956 4209 noi
974 4156 1004 4194 ex
1020 4144 1048 4193 ct
1064 4154 1088 4208 p.
1106 4153 1126 4193 c.

68 4228 103 4281 28
119 4242 153 4296 q:
254 4227 290 4281 22
307 4226 420 4281 morio
859 4226 861 4231 “
