2934 4975
501 330 655 397 eapItula
680 329 738 383 lib.
759 327 818 382 VII.
1163 333 1226 398 595

89 509 207 568 XXVII.
231 506 273 566 Do
296 521 460 568 successore
484 505 543 564 eius
565 505 659 566 adbuc
680 523 768 581 puero
793 507 946 578 Gordiano,
972 506 1021 582 qui
1044 506 1141 568 multis
1164 508 1215 566 ad-

192 627 308 670 uersum
329 608 454 670 Parthos
483 607 601 684 pioeliis
630 607 754 668 feliciter
783 608 875 684 gestis
904 626 1018 669 suorum
1049 627 1134 684 snper
1156 611 1214 670 Eu·

192 713 315 788 pbraten
338 711 439 772 fraude
461 711 585 784 perierit.
610 712 665 786 [19
681 719 697 778 t
711 712 742 786 3]

89 818 223 878 XXVIII.
247 815 328 885 Quod
353 815 504 890 Philippus
527 814 660 874 Gordiani
692 829 840 874 successor
874 817 983 889 primus
1012 815 1215 890 imperatorum

69 941 79 976 s
192 918 281 979 luerit
296 917 485 991 Christianus,
510 916 591 976 cuius
613 918 696 989 regni
719 934 793 976 anuo
817 917 902 977 tertio
924 918 1092 978 millesimus
1115 935 1215 978 acon-

192 1022 254 1082 ditn
281 1023 357 1082 Vrbe
391 1021 540 1094 conpletus
567 1021 622 1091 sib,
655 1021 785 1094 quodque
813 1019 889 1080 idem
918 1039 980 1080 curn
1002 1021 1060 1080 filio
1082 1019 1215 1095 Philippo

190 1127 315 1185 tumultu
336 1123 461 1184 militnm
483 1123 583 1183 fraude
605 1121 685 1183 Decii
709 1124 749 1182 sit
770 1126 943 1197 peremptus.
969 1125 1024 1198 [20
1038 1131 1054 1191 5
1070 1123 1099 1196 1]

88 1231 239 1288 XXVIIII.
263 1229 304 1286 De
326 1227 425 1288 eodem
440 1226 526 1286 Decio
548 1225 732 1286 interlector-e
749 1229 778 1284 et
796 1243 959 1287 successore
975 1227 1045 1299 eius,
1061 1227 1112 1301 qui
1127 1244 1215 1301 pauco

193 1337 318 1405 temporo
349 1331 461 1404 potibus
489 1331 608 1403 imperio
632 1332 660 1389 et
682 1332 714 1390 in
738 1331 916 1391 Christianos
947 1331 1040 1390 multa
1063 1332 1217 1392 crudeliter·

59 1461 81 1497 io
192 1436 315 1508 gesserit
338 1436 368 1494 ol
390 1450 453 1492 cnm
476 1433 535 1492 filio
559 1433 680 1493 caesare
709 1451 727 1490 s
755 1434 885 1493 barbaris
920 1434 1088 1494 interfectus
1118 1435 1214 1494 suerii.

194 1541 249 1614 [21
266 1537 325 1610 e1]

90 1644 177 1702 XXX.
201 1645 281 1714 Quod
305 1641 404 1702 Gallus
425 1641 607 1702 HostiIianus
635 1644 700 1716 post
729 1643 806 1701 hunc
835 1641 956 1716 adeptus
978 1643 1127 1716 imperium
1150 1646 1216 1702 bro·

192 1746 311 1804 nissImo
334 1746 427 1818 spatio
449 1745 613 1804 dominatus
635 1761 700 1803 cnm
721 1743 781 1804 lilio
799 1744 953 1805 Aemibani
978 1744 1078 1806 lmude
1101 1747 1217 1820 perierit

194 1848 324 1921 quodque
358 1847 531 1922 grauissime
564 1847 732 1920 pestilentia
753 1846 832 1907 Decii
865 1849 1056 1920 persecutoris
1089 1851 1216 1922 tempore

61 1973 83 2011 ιε
193 1950 336 2010 suscitata
357 1967 453 2012 omnes
475 1952 543 2010 tuuc
569 1967 660 2024 paene
682 1949 843 2024 prouincias
866 1950 1009 2012 Romanae
1043 1950 1216 2024 reipublicae

193 2053 367 2128 depopulata
388 2054 566 2113 uacuauerit.
592 2055 645 2126 [21
663 2061 678 2120 5
693 2053 723 2128 l]

91 2158 191 2216 XXXI.
216 2157 257 2214 Do
273 2157 421 2216 Valeriani
445 2161 475 2216 et
489 2157 614 2218 Gallieni
635 2156 844 2216 turbidissimis
867 2156 1092 2230 miserrimisque
1107 2161 1216 2231 tempo-

193 2259 292 2330 ribus,
328 2259 376 2332 qui
403 2259 589 2334 imperatores
613 2278 669 2320 uno
698 2260 813 2334 quidem
842 2258 912 2320 facti
939 2261 1132 2334 intempore,
1167 2261 1217 2320 sed

193 2362 325 2437 tyrannis
358 2378 410 2434 per
441 2363 506 2422 loca
537 2362 751 2434 grassantibus,
791 2361 923 2436 plurimis
956 2363 1044 2422 etiam
1081 2362 1216 2436 gentibus

194 2469 297 2524 contra
332 2464 489 2525 Muranum
526 2481 628 2525 nomen
664 2465 695 2525 in
728 2482 809 2525 arma
840 2465 1024 2541 surgentibus
1063 2465 1217 2527 infelicibu-

193 2568 338 2643 republica
371 2567 573 2627 administrata
608 2569 754 2641 perierint.
799 2585 917 2642 qnorum
950 2587 1025 2629 unus
1060 2569 1216 2629 Christiani

195 2670 320 2731 nomInis
342 2676 506 2744 persecutor
522 2671 648 2729 aPersis
670 2670 763 2729 uictus
786 2673 815 2729 et
830 2673 931 2745 captus
950 2674 1026 2745 turpi
1042 2672 1112 2745 illic,
1128 2673 1216 2732 donec

194 2774 278 2853 uixit,
300 2774 439 2834 seruitute
462 2775 616 2847 depressus
631 2773 752 2832 Romani
768 2772 893 2833 nominis
909 2773 1036 2833 foedauit
1058 2774 1216 2848 imperium,

195 2877 269 2937 alter
292 2894 380 2951 regno
399 2876 510 2935 deserto
526 2878 593 2935 dum
607 2879 682 2951 apud
700 2874 904 2935 MediolanIum
919 2875 1086 2936 libidinibus
1102 2895 1217 2953 operam

61 3001 85 3039 25
194 2979 342 3055 impendit,
366 2979 475 3040 occisus
497 2981 549 3042 est.
574 2980 628 3053 [22
645 2981 705 3053 ξι]

93 3083 211 3142 XXXII.
236 3084 277 3142 De
294 3082 410 3142 Claudio
432 3098 596 3143 successore
619 3084 730 3157 borum,
755 3081 879 3155 quallter
896 3084 1003 3142 Gothos
1026 3084 1109 3143 annis
1133 3100 1224 3156 paene

196 3186 295 3244 multis
311 3185 459 3259 Illyricum
482 3185 735 3258 Macedoniamque
759 3187 908 3245 bastantes
931 3200 1066 3259 prospero
1088 3186 1223 3246 copillata

197 3288 397 3362 prostrauerit.
437 3289 482 3346 cui
509 3306 598 3362 paruo
620 3292 749 3361 tempore
772 3288 932 3348 domInanti
954 3288 1110 3358 Quintillus
1132 3288 1223 3349 frater
1277 3340 1280 3349 .

196 3392 225 3449 iu
248 3408 335 3466 regno
359 3392 514 3452 succedens
537 3408 600 3450 mox
616 3394 648 3450 ut
663 3392 816 3451 ordinatus
833 3392 943 3450 occisus
967 3394 1021 3453 est.
1046 3392 1132 3466 [235
1155 3392 1183 3463 1]

148 3559 163 3610 1
181 3556 312 3625 gurdiano
416 3556 433 3609 2
450 3556 559 3611 filiciter
583 3558 595 3627 [1
618 3557 740 3611 eufraten
843 3558 861 3610 4
879 3556 1003 3625 gurdiani
1021 3572 1155 3610 successor

97 3643 214 3697 btercio
232 3643 380 3697 milesimus
483 3643 657 3713 boonplitus
762 3642 942 3696 ltumultum
1046 3642 1111 3697 Sia
1134 3642 1225 3697 Oroeii

95 3744 176 3797 opere
193 3730 253 3797 ipso
271 3742 370 3783 mm
387 3734 486 3783 tessere
510 3729 522 3799 ss
546 3745 693 3783 successore
711 3730 738 3794 (o
755 3728 848 3783 statim
860 3732 1014 3794 concurr.)
1119 3730 1135 3783 9
1153 3728 1225 3783 chri-

95 3814 199 3867 stianus
219 3814 231 3882 [Ι
248 3814 389 3867 crudiliter
458 3816 491 3868 10
503 3819 531 3867 et
541 3815 636 3869 etota'm
647 3830 668 3870 s.
680 3830 701 3868 e.
719 3815 731 3884 [Ι
748 3813 905 3869 interlectos
918 3814 1010 3883 luerit]
1023 3814 1157 3869 intenderit

96 3900 127 3954 13
144 3900 236 3968 opaco
257 3899 269 3967 q
289 3900 414 3954 amariano
502 3902 536 3955 14
547 3900 704 3969 pestilencia
791 3901 824 3955 ro
837 3900 999 3969 depopulata
1087 3888 1119 3955 1'r
1141 3902 1226 3969 surpr-

96 3985 213 4039 dissimis
308 3986 341 4039 18
358 3986 529 4055 imperatoris
554 3986 566 4055 [Ι
589 3984 669 4040 foetis
766 3986 797 4039 19
815 3985 997 4039 crassantibus
1023 3986 1035 4057 [1
1056 3987 1225 4057 gentibus-

97 4072 129 4123 20
146 4083 256 4125 romano
269 4071 327 4139 (sic)
340 4071 373 4125 iao
384 4088 439 4126 ras.
457 4072 552 4127 atatim
569 4088 604 4129 ao.
617 4076 633 4125 1
735 4070 770 4125 20
788 4087 883 4125 nomen
895 4072 1074 4125 -infiliciter
1091 4074 1184 4127 statim
1197 4074 1227 4124 ia

97 4172 179 4225 πως.
199 4154 299 4211 addito
393 4159 427 4212 21
444 4158 582 4227 repnplice
676 4158 709 4210 22
729 4162 905 4227 persequutor
994 4158 1028 4210 24
1046 4156 1225 4212 mediolanum

100 4257 125 4306 qn
143 4243 174 4295 in
190 4245 215 4295 n*
234 4243 328 4296 carim
345 4259 435 4309 ουτω
453 4243 488 4308 cs.
507 4260 565 4311 cap.
578 4247 622 4309 49)
709 4244 744 4296 28
762 4243 917 4296 dominante
1004 4244 1038 4295 29
1055 4242 1191 4297 succidens

1071 4342 1126 4397 38Ιι
