2934 4975
444 390 597 462 capilula
622 389 679 445 lib.
698 389 822 446 v1.vlr.
1135 389 1194 456 591

103 575 139 634 V.
165 575 208 632 lle
225 571 310 643 fame,
333 587 404 644 quae
420 570 550 644 Augusto
566 568 686 628 Caesare
709 569 873 627 senescente
894 567 1067 642 grauissima
1082 567 1188 629 Romae

164 679 227 737 orta
257 679 319 750 est,
353 677 382 734 et
411 676 485 749 quod
515 692 605 748 usque
628 673 664 733 ad
686 671 840 733 transitum
875 673 963 748 ipsius
986 675 1112 747 Augusti
1134 691 1189 747 pax

164 799 216 857 per
238 783 330 841 totum
353 797 442 853 paene
463 781 597 839 muudum
621 777 727 837 diffusa
748 777 924 851 regnauerit,
948 778 1071 836 extremo
1093 779 1189 839 mmen

163 888 291 959 tempore
313 883 406 958 ipsius
430 882 601 956 quibusdam
622 882 654 940 in
672 879 743 940 locis
766 879 876 955 proelia
898 881 1036 952 sonuisse,
1061 882 1090 940 et
1113 881 1189 954 quod

42 1006 53 1043 a
164 989 194 1046 id
223 988 351 1048 futurum
385 987 516 1046 dominus
550 986 650 1046 noster
683 984 832 1060 discipulis
865 985 924 1044 suis
957 985 1188 1058 praecedentium

163 1092 336 1167 proeliorum
358 1091 489 1165 opinione
511 1089 697 1164 praedixerit.
721 1090 755 1164 [3
771 1095 786 1156 ξ
802 1085 846 1162 el,

87 1197 138 1256 VI.
165 1195 206 1255 De
228 1193 370 1268 principio
392 1193 476 1266 regni
491 1191 600 1252 'liberii
615 1191 746 1251 (laeseris
762 1193 792 1249 et
807 1191 842 1250 ad
859 1189 991 1250 ultimum
1006 1191 1187 1267 crudelitate,

164 1298 218 1358 sub
240 1314 295 1371 quo
312 1297 413 1356 Romae
429 1296 571 1356 dominica
584 1296 758 1356 resurrectio
773 1294 906 1353 nuntiata
922 1296 1040 1354 senatus
1056 1294 1188 1370 indigna·

163 1401 242 1460 tione
263 1401 418 1473 respuitur,
442 1400 571 1474 quodque
593 1400 663 1458 tunc
693 1398 724 1457 iu
754 1398 964 1472 amphitheatro
983 1398 1059 1473 apud
1088 1399 1188 1459 urbem

34 1525 56 1562 ro
166 1503 346 1562 Fidenatium
375 1519 482 1576 magua
504 1519 570 1576 pars
593 1500 690 1576 populi
714 1519 819 1562 caueae
842 1501 931 1574 ipsius
955 1501 1039 1560 ruina
1060 1502 1188 1575 perierit.

167 1607 201 1682 [4
216 1615 232 1674 e
247 1607 277 1681 ι]

70 1713 138 1770 VII.
161 1710 202 1769 De
223 1710 359 1784 passione
382 1711 413 1768 et
434 1707 642 1768 resurrectione
664 1709 820 1783 dominica,
854 1709 938 1782 quoto
962 1724 1036 1768 anno
1060 1708 1188 1770 eiusdem

166 1812 273 1873 Tiberii
297 1811 428 1872 Caesaris
458 1811 544 1872 fuerit
567 1812 737 1886 adimpleta,
772 1829 805 1870 ac
828 1810 932 1884 plagis,
956 1828 1030 1883 quae
1053 1813 1186 1871 Iudaeam

166 1914 242 1975 illico
276 1914 383 1974 iruerint
417 1916 596 1987 subsecutae,
630 1931 684 1974 nec
705 1931 760 1974 nou
784 1913 953 1988 grauissimo
977 1915 1064 1974 Asiae
1093 1916 1186 1974 terrae

35 2041 56 2081 s
165 2021 261 2091 motu,
294 2035 349 2092 quo
378 2036 464 2078 cause
491 2018 651 2079 dominicae
673 2017 818 2091 passionis
841 2016 974 2076 ciuitates
997 2018 1103 2077 multae
1127 2017 1188 2076 sint

167 2121 289 2182 dimtae.
313 2123 348 2198 [4
363 2130 378 2190 ξ
395 2123 441 2196 13]

65 2227 146 2287 vm.
166 2227 209 2284 Ile
237 2225 408 2285 crudelitate
432 2227 462 2284 et
485 2225 595 2298 stupris
622 2223 778 2284 infamibus
801 2223 855 2283 Gai
879 2221 1024 2298 Caligulae
1047 2221 1188 2293 (laeseris,

167 2331 331 2404 quantaque
353 2330 428 2388 domi
450 2346 519 2388 suae
541 2344 651 2387 uenena
672 2328 823 2387 latentiaa
839 2345 1003 2388 successore
1020 2327 1110 2402 ipsius
1129 2327 1190 2387 sint

167 2432 297 2506 detecta,
327 2435 357 2492 et
380 2433 425 2504 iis,
449 2447 521 2506 quae
539 2431 639 2492 Iudaei
662 2431 804 2491 seditione
827 2430 1000 2506 grauissima
1022 2431 1097 2505 apud
1120 2429 1190 2490 Ale·

34 2559 57 2599 so
167 2536 316 2595 randi-iam
330 2535 518 2609 pertulerunt,
543 2553 697 2609 auersoque
713 2535 923 2611 Hierosolymis
945 2535 1069 2594 sacrario
1091 2535 1191 2607 templi

8 2620 14 2642 ¹
167 2640 197 2696 et
220 2639 308 2698 Pilati
331 2638 470 2712 praesidis
494 2638 582 2697 obitu.
607 2640 640 2712 [5
655 2646 670 2705 5
687 2638 715 2710 1]

66 2744 163 2803 VIHI.
188 2743 229 2802 lle
253 2760 416 2803 successore
437 2744 499 2802 eius
515 2741 628 2800 Tiberio
646 2741 772 2809 Claudio,
797 2742 824 2798 in
843 2742 923 2801 cuius
941 2741 1056 2801 exordio
1073 2742 1190 2801 Romam
1235 2781 1239 2786 -

168 2846 351 2906 beatissimus
367 2848 472 2906 Petrus
496 2846 641 2919 apostolus
657 2862 707 2904 suo
724 2844 890 2903 inlustrauit
904 2845 1038 2915 aduentu,
1063 2861 1190 2919 quaeque

169 2949 344 3024 temporibus
372 2950 433 3008 elus
455 2949 560 3008 Romae
590 2947 620 3007 in
650 2947 788 3008 abolendo
819 2947 929 3020 Imperii
958 2946 1122 3021 principatu
1145 2945 1191 3005 uel

169 3055 295 3113 tractata
319 3071 336 3111 a
358 3055 457 3112 senatu
481 3051 554 3112 clam
577 3051 687 3112 fuerint
709 3052 756 3111 uel
784 3068 915 3127 repressa
943 3069 993 3126 per
1021 3050 1189 3125 principem,
1259 3054 1264 3065 '

167 3157 297 3230 belloque
334 3156 427 3231 ciuili,
465 3157 539 3229 quod
576 3155 727 3215 aduersum
765 3173 829 3214 eum
869 3152 1006 3213 Camillus
1048 3156 1077 3213 et
1113 3152 1192 3213 Scri·

168 3258 309 3319 boniacus
331 3262 437 3318 euentu
459 3257 601 3318 contrario
624 3275 735 3318 mouere
758 3258 854 3318 conati
875 3260 951 3331 sunt,
975 3274 1103 3331 quaeque
1118 3257 1192 3315 idem
1231 3255 1240 3269 '

168 3364 318 3437 Augustus
351 3363 381 3420 irr
403 3363 549 3421 Brittania
581 3361 704 3422 feliciter
737 3362 874 3435 gesserit,
911 3363 940 3419 et
969 3362 1043 3435 quod
1067 3360 1192 3419 Orcadas

169 3466 277 3525 insulas
300 3466 425 3524 Romano
447 3464 565 3538 imperio
588 3465 680 3523 uictor
703 3464 850 3537 adiecerit,
875 3463 920 3523 uel
943 3464 1046 3537 quibus
1074 3466 1192 3537 propter
1291 3538 1293 3541 Ι

35 3601 60 3639 ,0
171 3568 297 3641 inopiam
318 3569 416 3643 populi
444 3568 473 3627 in
497 3568 574 3627 Vrbe
597 3567 785 3627 sedilionibus
807 3566 893 3628 fuerit
915 3568 1059 3640 agitatus„
1078 3570 1110 3643 [6
1127 3576 1142 3635 e
1160 3570 1192 3641 l]

119 3788 254 3857 Iagustu
276 3786 289 3855 ΙΙ
312 3786 458 3839 seniseente
548 3786 674 3853 tagusti
765 3786 892 3855 3paeme]
912 3801 959 3854 pac
1050 3786 1194 3841 lcrudili·

70 3875 124 3926 tate
226 3873 386 3926 8nuneiata
490 3872 523 3926 10
539 3871 696 3927 fideuacium
801 3872 833 3925 13
852 3872 992 3941 adimplita
1014 3873 1026 3942 ΙΙ
1047 3872 1126 3927 iudea

71 3959 102 4012 14
112 3958 205 4013 inllitc
224 3958 238 4027 ll
257 3960 325 4011 terre
406 3960 439 4013 15
450 3962 523 4013 moto
543 3959 555 4028 ΙΙ
575 3959 697 4014 oiuItatis
785 3958 937 4013 ladernaco
1019 3960 1051 4013 ll
1064 3976 1195 4015 numerere

70 4045 101 4098 ia
122 4045 199 4099 Orbe.
216 4045 275 4112 ipso
292 4045 405 4099 omissae
423 4051 462 4099 eat
485 4046 497 4115 ΙΙ
525 4045 679 4099 crudilitate
707 4044 719 4113 ll
747 4045 876 4114 caligulae
980 4047 1012 4100 18
1029 4046 1127 4100 uomina

73 4132 103 4183 19
128 4131 172 4184 bis
200 4130 213 4200 ΙΙ
240 4130 312 4184 iudei
341 4130 353 4199 ll
382 4131 534 4185 alexandria
641 4130 676 4185 20
702 4131 885 4185 hierusolimis
993 4132 1027 4185 22
1052 4148 1126 4185 roma

71 4218 104 4270 23
129 4217 276 4271 aduentum
377 4218 412 4271 26
439 4217 517 4272 ciuile
546 4218 558 4288 ΙΙ
586 4234 692 4272 uersum
721 4218 733 4287 ΙΙ
763 4218 889 4273 camellus
907 4220 934 4272 et
950 4218 990 4273 sie
1092 4217 1124 4269 21
1152 4231 1194 4270 co-

72 4307 134 4357 nato
221 4304 255 4359 28
272 4306 385 4373 agustus
407 4304 420 4372 ΙΙ
442 4304 550 4358 illiciter
572 4305 584 4374 ΙΙ
606 4304 733 4358 orchadas
822 4304 858 4360 29
877 4304 966 4357 insula
1052 4302 1087 4356 30
1104 4302 1195 4371 inopia
